{'ch': 'market.BTC-USDT.depth.step0', 'ts': 1618243200017, 'depth': {'asks': [[60079.8, 9997], [60082.3, 33], [60083.9, 92], [60084.5, 33], [60087.2, 10], [60087.4, 10], [60088.2, 485], [60088.5, 925], [60089.3, 20], [60090.4, 50], [60090.9, 50], [60091.5, 116], [60094.1, 10], [60094.2, 98], [60095.2, 58], [60098.8, 647], [60098.9, 135], [60099, 87], [60099.3, 441], [60099.9, 153], [60100, 4286], [60101.2, 10], [60102, 1], [60102.2, 501], [60102.3, 1], [60102.8, 35], [60104, 1], [60104.5, 1], [60104.7, 62], [60105.1, 33], [60105.2, 33], [60105.9, 10], [60106.4, 288], [60107.3, 53], [60107.4, 2], [60107.8, 167], [60108.4, 10], [60108.5, 434], [60109.1, 10], [60109.9, 6], [60110.3, 30], [60110.4, 288], [60110.5, 13], [60110.7, 2], [60110.9, 237], [60111.1, 2], [60111.2, 34], [60112.3, 1], [60112.9, 2], [60113, 3], [60113.2, 35], [60113.4, 108], [60113.5, 1], [60114, 1002], [60114.1, 14], [60114.2, 2], [60114.8, 34], [60116, 58], [60117.2, 216], [60118.4, 13], [60118.5, 1], [60120, 222], [60120.7, 6], [60121.1, 1], [60121.2, 250], [60121.6, 40], [60121.8, 12], [60121.9, 144], [60122.6, 30], [60122.8, 200], [60122.9, 160], [60123.1, 100], [60123.4, 120], [60124, 68], [60124.5, 1], [60124.8, 534], [60124.9, 100], [60125, 40], [60125.5, 424], [60126, 9], [60127.1, 100], [60127.7, 2], [60128.1, 100], [60128.4, 131], [60129.3, 150], [60129.4, 200], [60131, 150], [60131.4, 1], [60131.9, 3], [60132.1, 1079], [60132.2, 900], [60132.4, 59], [60132.6, 100], [60132.9, 255], [60133.6, 112], [60133.8, 6], [60134, 1], [60134.1, 9], [60134.3, 55], [60134.5, 10], [60134.6, 25], [60134.9, 52], [60135.3, 1057], [60136.8, 830], [60138, 2], [60138.2, 55], [60138.3, 2], [60138.4, 1], [60138.7, 29], [60138.9, 800], [60139.7, 35], [60139.9, 2], [60140, 30], [60140.6, 58], [60140.7, 16], [60141.2, 8], [60141.9, 1], [60142, 1], [60142.9, 200], [60143.1, 1220], [60143.2, 1002], [60143.5, 1], [60144, 1], [60144.7, 6], [60145.5, 6], [60146.3, 100], [60148.4, 1], [60150, 971], [60150.1, 61], [60151.5, 42], [60151.6, 5], [60152.9, 32], [60153.1, 2], [60153.4, 1], [60154, 1], [60155.2, 55], [60155.4, 50], [60155.8, 35], [60156.1, 55], [60157.7, 6], [60158.3, 7], [60158.4, 1], [60159.5, 52], [60161, 2], [60161.1, 326], [60162, 50], [60163.3, 2], [60163.4, 1], [60163.5, 1], [60163.6, 7]], 'bids': [[60079.7, 6001], [60078.9, 1], [60078.8, 3], [60078.4, 1], [60076.9, 65], [60075.6, 24], [60073.9, 80], [60071.7, 10], [60071.5, 10], [60070.8, 8], [60070.4, 40], [60070, 20], [60069.5, 50], [60069.4, 147], [60068.9, 19], [60068.5, 400], [60068, 114], [60067.5, 58], [60065.9, 2], [60065.6, 55], [60065.3, 99], [60065, 86], [60064.6, 55], [60064.3, 58], [60063, 87], [60062.6, 26], [60062.5, 148], [60062, 144], [60061.3, 1], [60061.2, 34], [60060.8, 8], [60059.6, 83], [60059.4, 20], [60058.9, 1], [60058.2, 1], [60058.1, 13], [60057.4, 1], [60057.2, 264], [60056.7, 195], [60056.6, 200], [60054.8, 61], [60054.5, 400], [60053.2, 1477], [60052.8, 150], [60052.7, 100], [60052.1, 20], [60051.1, 350], [60050.1, 43], [60049.2, 30], [60048.9, 1], [60048.6, 89], [60048.5, 34], [60047.8, 93], [60047.4, 1], [60046.6, 58], [60046.3, 35], [60046.2, 10], [60045.4, 52], [60044.7, 55], [60043.8, 55], [60043.5, 58], [60043.2, 1000], [60043.1, 6], [60040.9, 167], [60038.9, 1], [60038.7, 53], [60038.6, 800], [60037.9, 800], [60037.4, 1], [60036.9, 30], [60035.3, 1000], [60034.4, 200], [60034, 96], [60032.9, 130], [60030, 1], [60029.5, 6], [60029.3, 43], [60028.9, 1], [60028.4, 130], [60028.3, 2], [60027.4, 1], [60024.6, 52], [60022.8, 200], [60022.7, 30], [60022, 58], [60020.1, 2], [60020, 1], [60019.8, 35], [60019.2, 55], [60018.9, 59], [60017.4, 1], [60017.2, 1], [60014.2, 48], [60013.5, 1], [60012.1, 584], [60011.1, 50], [60010, 1], [60009.4, 61], [60008.9, 1], [60007.4, 1], [60006.3, 6], [60005.2, 2], [60004.7, 43], [60003.7, 35], [60000.8, 5], [60000, 54], [59998.5, 6], [59997.4, 1], [59995.4, 16], [59993.7, 3], [59990, 1], [59989, 54], [59987.5, 2], [59987.4, 492], [59987.3, 600], [59987, 530], [59985.1, 400], [59983.1, 6], [59982, 2], [59980.2, 2], [59980, 1], [59977.4, 1], [59976.7, 6], [59975.2, 6], [59970.6, 3], [59970.2, 57], [59970.1, 184], [59970, 1], [59969, 28], [59967.9, 127], [59967.8, 127], [59966.5, 6], [59966.3, 1], [59965.2, 5094], [59965.1, 1254], [59964.6, 128], [59964, 254], [59963.5, 1], [59962.2, 144], [59960.8, 508], [59960.7, 381], [59960.4, 3], [59960, 6], [59959.9, 6], [59958.8, 2], [59958.3, 3], [59957.5, 127], [59956.9, 2], [59955.3, 127], [59954.8, 254]], 'ch': 'market.BTC-USDT.depth.size_150.high_freq', 'event': 'update', 'id': 27690811149, 'mrid': 27690811149, 'ts': 1618243200016, 'version': 535532054}, 'trade_data': [], 'index_price': 60011.62666666666, 'contract_price': 60079.7, 'XAUUSD': [1618214399778, 1732.19], 'NASDAQ': [1618214399750, 13792.8], 'CHINA50': [1618214399111, 16846.7], 'DOW': [1618214399453, 33761.5]} ,
{'ch': 'market.BTC-USDT.depth.step0', 'ts': 1618243200045, 'depth': {'asks': [[60079.8, 9997], [60082.3, 33], [60083.9, 92], [60084.5, 33], [60087.2, 10], [60087.4, 10], [60088.2, 485], [60088.5, 925], [60089.3, 20], [60090.4, 50], [60090.9, 50], [60091.5, 116], [60094.1, 10], [60094.2, 98], [60095.2, 58], [60098.8, 647], [60098.9, 135], [60099, 87], [60099.3, 441], [60099.9, 153], [60100, 4286], [60101.2, 10], [60102, 1], [60102.2, 501], [60102.3, 1], [60102.8, 35], [60104, 1], [60104.5, 1], [60104.7, 62], [60105.1, 33], [60105.2, 33], [60105.9, 10], [60106.4, 288], [60107.3, 53], [60107.4, 2], [60107.8, 167], [60108.4, 10], [60108.5, 434], [60109.1, 10], [60109.9, 6], [60110.3, 30], [60110.4, 288], [60110.5, 13], [60110.7, 2], [60110.9, 237], [60111.1, 2], [60111.2, 34], [60112.3, 1], [60112.9, 2], [60113, 3], [60113.2, 35], [60113.4, 108], [60113.5, 1], [60114, 1002], [60114.1, 14], [60114.2, 2], [60114.8, 34], [60116, 58], [60117.2, 216], [60118.4, 13], [60118.5, 1], [60120, 222], [60120.7, 6], [60121.1, 1], [60121.2, 250], [60121.6, 40], [60121.8, 12], [60121.9, 144], [60122.6, 30], [60122.8, 200], [60122.9, 160], [60123.1, 100], [60123.4, 120], [60124, 68], [60124.5, 1], [60124.8, 534], [60124.9, 100], [60125, 40], [60125.5, 424], [60126, 9], [60127.1, 100], [60127.7, 2], [60128.1, 100], [60128.4, 131], [60129.3, 150], [60129.4, 200], [60131, 150], [60131.4, 1], [60131.9, 3], [60132.1, 1079], [60132.2, 900], [60132.4, 59], [60132.6, 100], [60132.9, 255], [60133.6, 112], [60133.8, 6], [60134, 1], [60134.1, 9], [60134.3, 55], [60134.5, 10], [60134.6, 25], [60134.9, 52], [60135.3, 1057], [60136.8, 831], [60138, 2], [60138.2, 55], [60138.3, 2], [60138.4, 1], [60138.7, 29], [60138.9, 800], [60139.7, 35], [60139.9, 2], [60140, 30], [60140.6, 58], [60140.7, 16], [60141.2, 8], [60141.9, 1], [60142, 1], [60142.9, 200], [60143.1, 1220], [60143.2, 1002], [60143.5, 1], [60144, 1], [60144.7, 6], [60145.5, 6], [60146.3, 100], [60148.4, 1], [60150, 971], [60150.1, 61], [60151.5, 42], [60151.6, 5], [60152.9, 32], [60153.1, 2], [60153.4, 1], [60154, 1], [60155.2, 55], [60155.4, 50], [60155.8, 35], [60156.1, 55], [60157.7, 6], [60158.3, 7], [60158.4, 1], [60159.5, 52], [60161, 2], [60161.1, 326], [60162, 50], [60163.3, 2], [60163.4, 1], [60163.5, 1], [60163.6, 7]], 'bids': [[60079.7, 6001], [60078.9, 1], [60078.8, 3], [60078.4, 1], [60076.9, 65], [60075.6, 24], [60073.9, 80], [60071.7, 10], [60071.5, 10], [60070.8, 8], [60070.4, 40], [60070, 20], [60069.5, 50], [60069.4, 147], [60068.9, 19], [60068.5, 400], [60068, 114], [60067.5, 58], [60065.9, 2], [60065.6, 55], [60065.3, 99], [60065, 86], [60064.6, 55], [60064.3, 58], [60063, 87], [60062.6, 26], [60062.5, 148], [60062, 144], [60061.3, 1], [60061.2, 34], [60060.8, 8], [60059.6, 83], [60059.4, 20], [60058.9, 1], [60058.2, 1], [60058.1, 13], [60057.4, 1], [60057.2, 264], [60056.7, 195], [60056.6, 200], [60054.8, 61], [60054.5, 400], [60053.2, 1477], [60052.8, 150], [60052.7, 100], [60052.1, 20], [60051.1, 350], [60050.1, 43], [60049.2, 30], [60048.9, 1], [60048.6, 89], [60048.5, 34], [60047.8, 93], [60047.4, 1], [60046.6, 58], [60046.3, 35], [60046.2, 10], [60045.4, 52], [60044.7, 55], [60043.8, 55], [60043.5, 58], [60043.2, 1000], [60043.1, 6], [60040.9, 167], [60038.9, 1], [60038.7, 53], [60038.6, 800], [60037.9, 800], [60037.4, 1], [60036.9, 30], [60035.3, 1000], [60034.4, 200], [60034, 96], [60032.9, 130], [60030, 1], [60029.5, 6], [60029.3, 43], [60028.9, 1], [60028.4, 130], [60028.3, 2], [60027.4, 1], [60024.6, 52], [60022.8, 200], [60022.7, 30], [60022, 58], [60020.1, 2], [60020, 1], [60019.8, 35], [60019.2, 55], [60018.9, 59], [60017.4, 1], [60017.2, 1], [60014.2, 48], [60013.5, 1], [60012.1, 584], [60011.1, 50], [60010, 1], [60009.4, 61], [60008.9, 1], [60007.4, 1], [60006.3, 6], [60005.2, 2], [60004.7, 43], [60003.7, 35], [60000.8, 5], [60000, 54], [59998.5, 6], [59997.4, 1], [59995.4, 16], [59993.7, 3], [59990, 1], [59989, 54], [59987.5, 2], [59987.4, 492], [59987.3, 600], [59987, 530], [59985.1, 400], [59983.1, 6], [59982, 2], [59980.2, 2], [59980, 1], [59977.4, 1], [59976.7, 6], [59975.2, 6], [59970.6, 3], [59970.2, 57], [59970.1, 184], [59970, 1], [59969, 28], [59967.9, 127], [59967.8, 127], [59966.5, 6], [59966.3, 1], [59965.2, 5094], [59965.1, 1254], [59964.6, 128], [59964, 254], [59963.5, 1], [59962.2, 144], [59960.8, 508], [59960.7, 381], [59960.4, 3], [59960, 6], [59959.9, 6], [59958.8, 2], [59958.3, 3], [59957.5, 127], [59956.9, 2], [59955.3, 127], [59954.8, 254]], 'ch': 'market.BTC-USDT.depth.size_150.high_freq', 'event': 'update', 'id': 27690811151, 'mrid': 27690811151, 'ts': 1618243200045, 'version': 535532055}, 'trade_data': [], 'index_price': 60011.62666666666, 'contract_price': 60079.7, 'XAUUSD': [1618214399778, 1732.19], 'NASDAQ': [1618214399750, 13792.8], 'CHINA50': [1618214399111, 16846.7], 'DOW': [1618214399453, 33761.5]} ,
{'ch': 'market.BTC-USDT.depth.step0', 'ts': 1618243200055, 'depth': {'asks': [[60079.8, 9997], [60082.3, 33], [60083.9, 92], [60084.5, 33], [60087.2, 10], [60087.4, 10], [60088.2, 485], [60088.5, 925], [60089.3, 20], [60090.4, 50], [60090.9, 50], [60091.5, 116], [60094, 10], [60094.1, 10], [60094.2, 98], [60095.2, 58], [60098.8, 647], [60098.9, 135], [60099, 87], [60099.3, 441], [60099.9, 153], [60100, 4286], [60101.2, 10], [60102, 1], [60102.2, 501], [60102.3, 1], [60102.8, 35], [60104, 1], [60104.5, 1], [60104.7, 62], [60105.1, 33], [60105.2, 33], [60105.9, 10], [60106.4, 288], [60107.3, 53], [60107.4, 2], [60107.8, 167], [60108.4, 10], [60108.5, 434], [60109.1, 10], [60109.9, 6], [60110.3, 30], [60110.4, 288], [60110.5, 13], [60110.7, 2], [60110.9, 237], [60111.1, 2], [60111.2, 34], [60112.3, 1], [60112.9, 2], [60113, 3], [60113.2, 35], [60113.4, 108], [60113.5, 1], [60114, 1002], [60114.1, 14], [60114.2, 2], [60114.8, 34], [60116, 58], [60117.2, 216], [60118.4, 13], [60118.5, 1], [60120, 222], [60120.7, 6], [60121.1, 1], [60121.2, 250], [60121.6, 40], [60121.8, 12], [60121.9, 144], [60122.6, 30], [60122.8, 200], [60122.9, 160], [60123.1, 100], [60123.4, 120], [60124, 68], [60124.5, 1], [60124.8, 534], [60124.9, 100], [60125, 40], [60125.5, 424], [60126, 9], [60127.1, 100], [60127.7, 2], [60128.1, 100], [60128.4, 131], [60129.3, 150], [60129.4, 200], [60131, 150], [60131.4, 1], [60131.9, 3], [60132.1, 1079], [60132.2, 900], [60132.4, 59], [60132.6, 100], [60132.9, 255], [60133.6, 112], [60133.8, 6], [60134, 1], [60134.1, 9], [60134.3, 55], [60134.5, 10], [60134.6, 25], [60134.9, 52], [60135.3, 1057], [60136.8, 831], [60138, 2], [60138.2, 55], [60138.3, 2], [60138.4, 1], [60138.7, 29], [60138.9, 800], [60139.7, 35], [60139.9, 2], [60140, 30], [60140.6, 58], [60140.7, 16], [60141.2, 8], [60141.9, 1], [60142, 1], [60142.9, 200], [60143.1, 1220], [60143.2, 1002], [60143.5, 1], [60144, 1], [60144.7, 6], [60145.5, 6], [60146.3, 100], [60148.4, 1], [60150, 971], [60150.1, 61], [60151.5, 42], [60151.6, 5], [60152.9, 32], [60153.1, 2], [60153.4, 1], [60154, 1], [60155.2, 55], [60155.4, 50], [60155.8, 35], [60156.1, 55], [60157.7, 6], [60158.3, 7], [60158.4, 1], [60159.5, 52], [60161, 2], [60161.1, 326], [60162, 50], [60163.3, 2], [60163.4, 1], [60163.5, 1]], 'bids': [[60079.7, 6001], [60078.9, 1], [60078.8, 3], [60078.4, 1], [60076.9, 65], [60075.6, 24], [60073.9, 80], [60071.7, 10], [60071.5, 10], [60070.8, 8], [60070.4, 40], [60070, 20], [60069.5, 50], [60069.4, 147], [60068.9, 19], [60068.5, 400], [60068, 114], [60067.5, 58], [60065.9, 2], [60065.6, 55], [60065.3, 99], [60065, 86], [60064.6, 55], [60064.3, 58], [60063, 87], [60062.6, 26], [60062.5, 148], [60062, 144], [60061.3, 1], [60061.2, 34], [60060.8, 8], [60059.6, 83], [60059.4, 20], [60058.9, 1], [60058.2, 1], [60058.1, 13], [60057.4, 1], [60057.2, 264], [60056.7, 195], [60056.6, 200], [60054.8, 61], [60054.5, 400], [60053.2, 1477], [60052.8, 150], [60052.7, 100], [60052.1, 20], [60051.1, 350], [60050.1, 43], [60049.2, 30], [60048.9, 1], [60048.6, 89], [60048.5, 34], [60047.8, 93], [60047.4, 1], [60046.6, 58], [60046.3, 35], [60046.2, 10], [60045.4, 52], [60044.7, 55], [60043.8, 55], [60043.5, 58], [60043.2, 1000], [60043.1, 6], [60040.9, 167], [60038.9, 1], [60038.7, 53], [60038.6, 800], [60037.9, 800], [60037.4, 1], [60036.9, 30], [60035.3, 1000], [60034.4, 200], [60034, 96], [60032.9, 130], [60030, 1], [60029.5, 6], [60029.3, 43], [60028.9, 1], [60028.4, 130], [60028.3, 2], [60027.4, 1], [60024.6, 52], [60022.8, 200], [60022.7, 30], [60022, 58], [60020.1, 2], [60020, 1], [60019.8, 35], [60019.2, 55], [60018.9, 59], [60017.4, 1], [60017.2, 1], [60014.2, 48], [60013.5, 1], [60012.1, 584], [60011.1, 50], [60010, 1], [60009.4, 61], [60008.9, 1], [60007.4, 1], [60006.3, 6], [60005.2, 2], [60004.7, 43], [60003.7, 35], [60000.8, 5], [60000, 54], [59998.5, 6], [59997.4, 1], [59995.4, 16], [59993.7, 3], [59990, 1], [59989, 54], [59987.5, 2], [59987.4, 492], [59987.3, 600], [59987, 530], [59985.1, 400], [59983.1, 6], [59982, 2], [59980.2, 2], [59980, 1], [59977.4, 1], [59976.7, 6], [59975.2, 6], [59970.6, 3], [59970.2, 57], [59970.1, 184], [59970, 1], [59969, 28], [59967.9, 127], [59967.8, 127], [59966.5, 6], [59966.3, 1], [59965.2, 5094], [59965.1, 1254], [59964.6, 128], [59964, 254], [59963.5, 1], [59962.2, 144], [59960.8, 508], [59960.7, 381], [59960.4, 3], [59960, 6], [59959.9, 6], [59958.8, 2], [59958.3, 3], [59957.5, 127], [59956.9, 2], [59955.3, 127], [59954.8, 254]], 'ch': 'market.BTC-USDT.depth.size_150.high_freq', 'event': 'update', 'id': 27690811153, 'mrid': 27690811153, 'ts': 1618243200055, 'version': 535532056}, 'trade_data': [], 'index_price': 60011.62666666666, 'contract_price': 60079.7, 'XAUUSD': [1618214399778, 1732.19], 'NASDAQ': [1618214399750, 13792.8], 'CHINA50': [1618214399111, 16846.7], 'DOW': [1618214399453, 33761.5]} ,
{'ch': 'market.BTC-USDT.depth.step0', 'ts': 1618243200077, 'depth': {'asks': [[60079.8, 9997], [60082.3, 33], [60083.9, 92], [60084.5, 33], [60087.2, 10], [60087.4, 10], [60088.2, 485], [60088.5, 925], [60089.3, 20], [60090.4, 50], [60090.9, 50], [60091.5, 116], [60094, 10], [60094.2, 98], [60095.2, 58], [60098.8, 647], [60098.9, 135], [60099, 87], [60099.3, 441], [60099.9, 153], [60100, 4286], [60101.2, 10], [60102, 1], [60102.2, 501], [60102.3, 1], [60102.8, 35], [60104, 1], [60104.5, 1], [60104.7, 62], [60105.1, 33], [60105.2, 33], [60105.9, 10], [60106.4, 288], [60107.3, 53], [60107.4, 2], [60107.8, 167], [60108.4, 10], [60108.5, 434], [60109.1, 10], [60109.9, 6], [60110.3, 30], [60110.4, 288], [60110.5, 13], [60110.7, 2], [60110.9, 237], [60111.1, 2], [60111.2, 1], [60112.3, 1], [60112.9, 2], [60113, 3], [60113.2, 35], [60113.4, 108], [60113.5, 1], [60114, 1002], [60114.1, 14], [60114.2, 2], [60114.8, 34], [60116, 58], [60117.2, 216], [60118.4, 13], [60118.5, 1], [60120, 222], [60120.7, 6], [60121.1, 1], [60121.2, 250], [60121.6, 40], [60121.8, 12], [60121.9, 144], [60122.6, 30], [60122.8, 200], [60122.9, 160], [60123.1, 100], [60123.4, 120], [60124, 68], [60124.5, 1], [60124.8, 534], [60124.9, 100], [60125, 40], [60125.5, 424], [60126, 9], [60127.1, 100], [60127.7, 2], [60128.1, 100], [60128.4, 131], [60129.3, 150], [60129.4, 200], [60131, 150], [60131.4, 1], [60131.9, 3], [60132.1, 1079], [60132.2, 900], [60132.4, 59], [60132.6, 100], [60132.9, 255], [60133.6, 112], [60133.8, 6], [60134, 1], [60134.1, 9], [60134.3, 55], [60134.5, 10], [60134.6, 25], [60134.9, 52], [60135.3, 1057], [60136.8, 831], [60138, 2], [60138.2, 55], [60138.3, 2], [60138.4, 1], [60138.7, 29], [60138.9, 800], [60139.7, 35], [60139.9, 2], [60140, 30], [60140.6, 58], [60140.7, 16], [60141.2, 8], [60141.9, 1], [60142, 1], [60142.9, 200], [60143.1, 1220], [60143.2, 1002], [60143.5, 1], [60144, 1], [60144.7, 6], [60145.5, 6], [60146.3, 100], [60148.4, 1], [60150, 971], [60150.1, 61], [60151.5, 42], [60151.6, 5], [60152.9, 32], [60153.1, 2], [60153.4, 1], [60154, 1], [60155.2, 55], [60155.4, 50], [60155.8, 35], [60156.1, 55], [60157.7, 6], [60158.3, 7], [60158.4, 1], [60159.5, 52], [60161, 2], [60161.1, 326], [60162, 50], [60163.3, 2], [60163.4, 1], [60163.5, 1], [60163.6, 7]], 'bids': [[60079.7, 6001], [60078.9, 1], [60078.8, 3], [60078.4, 1], [60076.9, 65], [60075.6, 24], [60073.9, 80], [60071.7, 10], [60071.5, 10], [60070.8, 8], [60070.4, 40], [60070, 20], [60069.5, 50], [60069.4, 147], [60068.9, 19], [60068.5, 400], [60068, 114], [60067.5, 58], [60065.9, 2], [60065.6, 55], [60065.3, 99], [60065, 86], [60064.6, 55], [60064.3, 58], [60063, 87], [60062.6, 26], [60062.5, 148], [60062, 144], [60061.3, 1], [60061.2, 34], [60060.8, 8], [60059.6, 83], [60059.4, 20], [60058.9, 1], [60058.2, 1], [60058.1, 13], [60057.4, 1], [60057.2, 264], [60056.7, 195], [60056.6, 200], [60054.8, 61], [60054.5, 400], [60053.2, 1477], [60052.8, 150], [60052.7, 100], [60052.1, 20], [60051.1, 350], [60050.1, 43], [60049.2, 30], [60048.9, 1], [60048.6, 89], [60048.5, 34], [60047.8, 93], [60047.4, 1], [60046.6, 58], [60046.3, 35], [60046.2, 10], [60045.4, 52], [60044.7, 55], [60043.8, 55], [60043.5, 58], [60043.2, 1000], [60043.1, 6], [60040.9, 167], [60038.9, 1], [60038.7, 53], [60038.6, 800], [60037.9, 800], [60037.4, 1], [60036.9, 30], [60035.3, 1000], [60034.4, 200], [60034, 96], [60032.9, 130], [60030, 1], [60029.5, 6], [60029.3, 43], [60028.9, 1], [60028.4, 130], [60028.3, 2], [60027.4, 1], [60024.6, 52], [60022.8, 200], [60022.7, 30], [60022, 58], [60020.1, 2], [60020, 1], [60019.8, 35], [60019.2, 55], [60018.9, 59], [60017.4, 1], [60017.2, 1], [60014.2, 48], [60013.5, 1], [60012.1, 584], [60011.1, 50], [60010, 1], [60009.4, 61], [60008.9, 1], [60007.4, 1], [60006.3, 6], [60005.2, 2], [60004.7, 43], [60003.7, 35], [60000.8, 5], [60000, 54], [59998.5, 6], [59997.4, 1], [59995.4, 16], [59993.7, 3], [59990, 1], [59989, 54], [59987.5, 2], [59987.4, 492], [59987.3, 600], [59987, 530], [59985.1, 400], [59983.1, 6], [59982, 2], [59980.2, 2], [59980, 1], [59977.4, 1], [59976.7, 6], [59975.2, 6], [59970.6, 3], [59970.2, 57], [59970.1, 184], [59970, 1], [59969, 28], [59967.9, 127], [59967.8, 127], [59966.5, 6], [59966.3, 1], [59965.2, 5094], [59965.1, 1254], [59964.6, 128], [59964, 254], [59963.5, 1], [59962.2, 144], [59960.8, 508], [59960.7, 381], [59960.4, 3], [59960, 6], [59959.9, 6], [59958.8, 2], [59958.3, 3], [59957.5, 127], [59956.9, 2], [59955.3, 127], [59954.8, 254]], 'ch': 'market.BTC-USDT.depth.size_150.high_freq', 'event': 'update', 'id': 27690811166, 'mrid': 27690811166, 'ts': 1618243200076, 'version': 535532057}, 'trade_data': [], 'index_price': 60011.62666666666, 'contract_price': 60079.7, 'XAUUSD': [1618214399778, 1732.19], 'NASDAQ': [1618214399750, 13792.8], 'CHINA50': [1618214399111, 16846.7], 'DOW': [1618214399453, 33761.5]} ,
{'ch': 'market.BTC-USDT.depth.step0', 'ts': 1618243200107, 'depth': {'asks': [[60079.8, 10022], [60082.3, 33], [60083.9, 92], [60084.5, 33], [60087.2, 10], [60087.4, 10], [60088.2, 485], [60088.5, 925], [60089.3, 20], [60090.4, 50], [60090.9, 50], [60091.5, 116], [60094, 10], [60094.2, 98], [60095.2, 58], [60098.8, 647], [60098.9, 135], [60099, 87], [60099.3, 441], [60099.9, 153], [60100, 4286], [60101.2, 10], [60102, 1], [60102.2, 501], [60102.3, 1], [60102.8, 35], [60104, 1], [60104.5, 1], [60104.7, 62], [60105.1, 33], [60105.2, 33], [60105.9, 10], [60106.4, 288], [60107.3, 53], [60107.4, 2], [60107.8, 167], [60108.4, 10], [60108.5, 434], [60109.1, 10], [60109.9, 6], [60110.3, 30], [60110.4, 288], [60110.5, 13], [60110.7, 2], [60110.9, 237], [60111.1, 2], [60111.2, 1], [60112.3, 1], [60112.9, 2], [60113, 3], [60113.2, 35], [60113.4, 108], [60113.5, 1], [60114, 1002], [60114.1, 14], [60114.2, 2], [60114.8, 34], [60116, 58], [60117.2, 216], [60118.4, 13], [60118.5, 1], [60120, 222], [60120.7, 6], [60121.1, 1], [60121.2, 250], [60121.6, 40], [60121.8, 12], [60121.9, 144], [60122.6, 30], [60122.8, 200], [60122.9, 160], [60123.1, 100], [60123.4, 120], [60124, 68], [60124.5, 1], [60124.8, 534], [60124.9, 100], [60125, 40], [60125.5, 424], [60126, 9], [60127.1, 100], [60127.7, 2], [60128.1, 100], [60128.4, 131], [60129.3, 150], [60129.4, 200], [60131, 150], [60131.4, 1], [60131.9, 3], [60132.1, 1079], [60132.2, 900], [60132.4, 59], [60132.6, 100], [60132.9, 255], [60133.6, 112], [60133.8, 6], [60134, 1], [60134.1, 9], [60134.3, 55], [60134.5, 10], [60134.6, 25], [60134.9, 52], [60135.3, 1057], [60136.8, 831], [60138, 2], [60138.2, 55], [60138.3, 2], [60138.4, 1], [60138.7, 29], [60138.9, 800], [60139.7, 35], [60139.9, 2], [60140, 30], [60140.6, 58], [60140.7, 16], [60141.2, 8], [60141.9, 1], [60142, 1], [60142.9, 200], [60143.1, 1220], [60143.2, 1002], [60143.5, 1], [60144, 1], [60144.7, 6], [60145.5, 6], [60146.3, 100], [60148.4, 1], [60150, 971], [60150.1, 61], [60151.5, 42], [60151.6, 5], [60152.9, 32], [60153.1, 2], [60153.4, 1], [60154, 1], [60155.2, 55], [60155.4, 50], [60155.8, 35], [60156.1, 55], [60157.7, 6], [60158.3, 7], [60158.4, 1], [60159.5, 52], [60161, 2], [60161.1, 326], [60162, 50], [60163.3, 2], [60163.4, 1], [60163.5, 1], [60163.6, 7]], 'bids': [[60079.7, 6001], [60078.9, 1], [60078.8, 3], [60078.4, 1], [60076.9, 65], [60075.6, 24], [60073.9, 80], [60071.7, 10], [60071.5, 10], [60070.8, 8], [60070.4, 40], [60070, 20], [60069.5, 50], [60069.4, 147], [60068.9, 19], [60068.5, 400], [60068, 114], [60067.5, 58], [60065.9, 2], [60065.6, 55], [60065.3, 99], [60065, 86], [60064.6, 55], [60064.3, 58], [60063, 87], [60062.6, 26], [60062.5, 148], [60062, 144], [60061.3, 1], [60061.2, 34], [60060.8, 8], [60059.6, 83], [60059.4, 20], [60058.9, 1], [60058.2, 1], [60058.1, 13], [60057.4, 1], [60057.2, 264], [60056.7, 195], [60056.6, 200], [60054.8, 61], [60054.5, 400], [60052.8, 150], [60052.7, 100], [60052.1, 20], [60051.1, 350], [60050.1, 43], [60049.2, 30], [60048.9, 1], [60048.6, 89], [60048.5, 34], [60047.8, 93], [60047.4, 1], [60046.6, 58], [60046.3, 35], [60046.2, 10], [60045.4, 52], [60044.7, 55], [60043.8, 55], [60043.5, 58], [60043.2, 1000], [60043.1, 6], [60038.9, 1], [60038.7, 53], [60038.6, 800], [60037.9, 800], [60037.4, 1], [60036.9, 30], [60035.3, 1000], [60034.4, 200], [60034, 96], [60032.9, 130], [60030, 1], [60029.5, 6], [60029.3, 43], [60028.9, 1], [60028.4, 130], [60028.3, 2], [60027.4, 1], [60024.6, 52], [60022.8, 200], [60022.7, 30], [60022, 58], [60020.1, 2], [60020, 1], [60019.8, 35], [60019.2, 55], [60018.9, 59], [60017.4, 1], [60017.2, 1], [60014.2, 48], [60013.5, 1], [60012.1, 584], [60011.1, 50], [60010, 1], [60009.4, 61], [60008.9, 1], [60007.4, 1], [60006.3, 6], [60005.2, 2], [60004.7, 43], [60003.7, 35], [60000.8, 5], [60000, 54], [59998.5, 6], [59997.4, 1], [59995.4, 16], [59993.7, 3], [59990, 1], [59989, 54], [59987.5, 2], [59987.4, 492], [59987.3, 600], [59987, 530], [59985.1, 400], [59983.1, 6], [59982, 2], [59980.2, 2], [59980, 1], [59977.4, 1], [59976.7, 6], [59975.2, 6], [59970.6, 3], [59970.2, 57], [59970.1, 184], [59970, 1], [59969, 28], [59967.9, 127], [59967.8, 127], [59966.5, 6], [59966.3, 1], [59965.2, 5094], [59965.1, 1254], [59964.6, 128], [59964, 254], [59963.5, 1], [59962.2, 144], [59960.8, 508], [59960.7, 381], [59960.4, 3], [59960, 6], [59959.9, 6], [59958.8, 2], [59958.3, 3], [59957.5, 127], [59956.9, 2], [59955.3, 127], [59954.8, 254], [59953.9, 127], [59952.7, 6]], 'ch': 'market.BTC-USDT.depth.size_150.high_freq', 'event': 'update', 'id': 27690811184, 'mrid': 27690811184, 'ts': 1618243200107, 'version': 535532058}, 'trade_data': [], 'index_price': 60011.62666666666, 'contract_price': 60079.7, 'XAUUSD': [1618214399778, 1732.19], 'NASDAQ': [1618214399750, 13792.8], 'CHINA50': [1618214399111, 16846.7], 'DOW': [1618214399453, 33761.5]} ,
{'ch': 'market.BTC-USDT.depth.step0', 'ts': 1618243200136, 'depth': {'asks': [[60079.8, 10038], [60082.3, 33], [60083.9, 92], [60084.5, 33], [60087.2, 10], [60087.4, 10], [60088.2, 485], [60088.5, 925], [60089.3, 20], [60090.4, 50], [60090.9, 50], [60091.5, 116], [60094.2, 98], [60095.2, 88], [60097, 1476], [60098.8, 647], [60098.9, 135], [60099, 87], [60099.3, 441], [60099.9, 153], [60100, 4286], [60101.2, 10], [60102, 1], [60102.2, 501], [60102.3, 1], [60102.8, 35], [60104, 1], [60104.5, 1], [60104.7, 62], [60105.1, 33], [60105.2, 33], [60105.9, 10], [60106.4, 288], [60107.3, 53], [60107.4, 2], [60107.8, 167], [60108.4, 1], [60108.5, 434], [60109.1, 10], [60109.9, 6], [60110.3, 30], [60110.4, 288], [60110.5, 13], [60110.7, 2], [60110.9, 237], [60111.1, 2], [60111.2, 1], [60112.3, 1], [60112.9, 2], [60113, 3], [60113.2, 35], [60113.4, 108], [60113.5, 1], [60114, 1002], [60114.1, 14], [60114.2, 2], [60114.8, 34], [60116, 58], [60117.2, 216], [60118.4, 13], [60118.5, 1], [60120, 222], [60120.7, 6], [60121.1, 1], [60121.2, 250], [60121.6, 40], [60121.8, 12], [60121.9, 144], [60122.6, 30], [60122.8, 200], [60122.9, 160], [60123.1, 100], [60123.4, 120], [60124, 68], [60124.5, 1], [60124.8, 534], [60124.9, 100], [60125, 40], [60125.5, 424], [60126, 9], [60127.1, 100], [60127.7, 2], [60128.1, 100], [60128.4, 131], [60129.3, 150], [60129.4, 200], [60131, 150], [60131.4, 1], [60131.9, 3], [60132.1, 1079], [60132.2, 900], [60132.4, 59], [60132.6, 100], [60132.9, 255], [60133.6, 112], [60133.8, 6], [60134, 1], [60134.1, 9], [60134.3, 55], [60134.5, 10], [60134.6, 25], [60134.9, 52], [60135.3, 1057], [60136.8, 831], [60138, 2], [60138.2, 55], [60138.3, 2], [60138.4, 1], [60138.7, 29], [60138.9, 800], [60139.7, 35], [60139.9, 2], [60140, 30], [60140.6, 58], [60140.7, 16], [60141.2, 8], [60141.9, 1], [60142, 1], [60142.9, 200], [60143.1, 1220], [60143.2, 1002], [60143.5, 1], [60144, 1], [60144.7, 6], [60145.5, 6], [60146.3, 100], [60148.4, 1], [60150, 971], [60150.1, 61], [60151.5, 42], [60151.6, 5], [60152.9, 32], [60153.1, 2], [60153.4, 1], [60154, 1], [60155.2, 55], [60155.4, 50], [60155.8, 35], [60156.1, 55], [60157.7, 6], [60158.3, 7], [60158.4, 1], [60159.5, 52], [60161, 2], [60161.1, 326], [60162, 50], [60163.3, 2], [60163.4, 1], [60163.5, 1], [60163.6, 7]], 'bids': [[60079.7, 6001], [60078.9, 1], [60078.8, 3], [60078.4, 1], [60076.9, 33], [60075.6, 24], [60073.9, 80], [60071.7, 10], [60071.5, 10], [60070.4, 40], [60070, 20], [60069.5, 50], [60069.4, 147], [60068.9, 10], [60068.5, 400], [60068, 114], [60067.5, 58], [60065.9, 2], [60065.6, 55], [60065.3, 99], [60065, 86], [60064.6, 55], [60064.3, 88], [60063, 87], [60062.6, 13], [60062.5, 148], [60062, 144], [60061.3, 1], [60061.2, 34], [60060.8, 8], [60059.6, 83], [60059.4, 20], [60058.9, 1], [60058.2, 1], [60058.1, 13], [60057.4, 1], [60057.2, 264], [60056.7, 195], [60056.6, 200], [60054.8, 61], [60054.5, 400], [60052.8, 150], [60052.7, 100], [60052.1, 1496], [60051.1, 350], [60050.1, 43], [60049.2, 30], [60048.9, 1], [60048.6, 89], [60048.5, 34], [60047.8, 93], [60047.4, 1], [60046.6, 58], [60046.3, 35], [60046.2, 10], [60045.4, 52], [60044.7, 55], [60043.8, 55], [60043.5, 88], [60043.2, 1000], [60043.1, 6], [60038.9, 1], [60038.7, 53], [60038.6, 800], [60037.9, 800], [60037.4, 1], [60036.9, 30], [60035.3, 1000], [60034.4, 200], [60034, 96], [60032.9, 130], [60030, 1], [60029.5, 6], [60029.3, 43], [60028.9, 1], [60028.4, 130], [60028.3, 2], [60027.4, 1], [60024.6, 52], [60022.8, 200], [60022.7, 30], [60022, 58], [60020.1, 2], [60020, 1], [60019.8, 35], [60019.2, 55], [60018.9, 69], [60017.4, 1], [60017.2, 1], [60014.2, 48], [60013.5, 1], [60012.1, 584], [60011.1, 50], [60010, 1], [60009.4, 61], [60008.9, 1], [60007.4, 1], [60006.3, 6], [60005.2, 2], [60004.7, 43], [60003.7, 35], [60000.8, 5], [60000, 54], [59998.5, 6], [59997.4, 1], [59995.4, 16], [59993.7, 3], [59990, 1], [59989, 54], [59987.5, 2], [59987.4, 492], [59987.3, 600], [59987, 530], [59985.1, 400], [59983.1, 6], [59982, 2], [59980.2, 2], [59980, 1], [59977.4, 1], [59976.7, 6], [59975.2, 6], [59970.6, 3], [59970.2, 57], [59970.1, 184], [59970, 1], [59969, 28], [59967.9, 127], [59967.8, 127], [59966.5, 6], [59966.3, 1], [59965.2, 5094], [59965.1, 1254], [59964.6, 128], [59964, 254], [59963.5, 1], [59962.2, 144], [59960.8, 508], [59960.7, 381], [59960.4, 3], [59960, 6], [59959.9, 6], [59958.8, 2], [59958.3, 3], [59957.5, 127], [59956.9, 2], [59955.3, 127], [59954.8, 254], [59953.9, 127], [59952.7, 6], [59951.9, 6]], 'ch': 'market.BTC-USDT.depth.size_150.high_freq', 'event': 'update', 'id': 27690811218, 'mrid': 27690811218, 'ts': 1618243200136, 'version': 535532059}, 'trade_data': [], 'index_price': 60011.62666666666, 'contract_price': 60079.7, 'XAUUSD': [1618214399778, 1732.19], 'NASDAQ': [1618214399750, 13792.8], 'CHINA50': [1618214399111, 16846.7], 'DOW': [1618214399453, 33761.5]} ,
{'ch': 'market.BTC-USDT.depth.step0', 'ts': 1618243200167, 'depth': {'asks': [[60079.8, 10078], [60082.3, 33], [60083.9, 92], [60084.5, 33], [60087.2, 10], [60087.4, 10], [60088.2, 485], [60088.5, 925], [60089.3, 20], [60090.4, 50], [60090.9, 50], [60091.5, 116], [60093.9, 10], [60094.2, 98], [60095.2, 88], [60097, 1476], [60098.8, 647], [60098.9, 135], [60099, 87], [60099.3, 441], [60099.9, 153], [60100, 4286], [60101.2, 10], [60102, 1], [60102.2, 501], [60102.3, 1], [60102.8, 35], [60104, 1], [60104.5, 1], [60104.7, 62], [60105.1, 33], [60105.2, 33], [60105.9, 10], [60106.4, 288], [60107.3, 53], [60107.4, 2], [60107.8, 167], [60108.1, 9], [60108.4, 1], [60108.5, 434], [60109.1, 10], [60109.9, 6], [60110.3, 30], [60110.4, 288], [60110.5, 13], [60110.7, 2], [60110.9, 237], [60111.1, 2], [60111.2, 1], [60112.3, 1], [60112.9, 2], [60113, 3], [60113.2, 35], [60113.4, 108], [60113.5, 1], [60114, 1002], [60114.1, 14], [60114.2, 2], [60114.8, 34], [60116, 58], [60117.2, 216], [60118.4, 13], [60118.5, 1], [60120, 222], [60120.7, 6], [60121.1, 1], [60121.2, 250], [60121.6, 40], [60121.8, 12], [60121.9, 144], [60122.6, 30], [60122.8, 200], [60122.9, 160], [60123.1, 100], [60123.4, 120], [60124, 68], [60124.5, 1], [60124.8, 534], [60124.9, 100], [60125, 40], [60125.5, 424], [60126, 9], [60127.1, 100], [60127.7, 2], [60128.1, 100], [60128.4, 131], [60129.3, 150], [60129.4, 200], [60131, 150], [60131.4, 1], [60131.9, 3], [60132.1, 1079], [60132.2, 900], [60132.4, 59], [60132.6, 100], [60132.9, 255], [60133.6, 112], [60133.8, 6], [60134, 1], [60134.1, 9], [60134.3, 55], [60134.5, 10], [60134.6, 25], [60134.9, 52], [60135.3, 1057], [60135.5, 8], [60136.8, 831], [60138, 2], [60138.2, 55], [60138.3, 2], [60138.4, 1], [60138.7, 29], [60138.9, 800], [60139.7, 35], [60139.9, 2], [60140, 30], [60140.6, 58], [60140.7, 16], [60141.9, 1], [60142, 1], [60142.9, 200], [60143.1, 3], [60143.2, 1002], [60144, 1], [60144.7, 6], [60145.5, 6], [60146.3, 100], [60148.4, 1], [60150, 971], [60150.1, 61], [60151.5, 42], [60151.6, 5], [60152.9, 32], [60153.1, 2], [60153.4, 1], [60154, 1], [60155.2, 55], [60155.4, 50], [60155.8, 35], [60156.1, 55], [60157.7, 6], [60158.3, 7], [60158.4, 1], [60159.5, 52], [60161, 2], [60161.1, 326], [60162, 50], [60163.3, 2], [60163.4, 1], [60163.5, 1]], 'bids': [[60079.7, 5801], [60078.9, 1], [60078.8, 3], [60078.4, 1], [60076.9, 33], [60076.8, 1], [60075.6, 24], [60073.9, 80], [60071.7, 10], [60071.5, 10], [60070.4, 40], [60070, 20], [60069.5, 50], [60069.4, 147], [60068.9, 1], [60068.5, 409], [60068, 114], [60067.5, 58], [60065.9, 2], [60065.6, 55], [60065.3, 99], [60065, 86], [60064.8, 8], [60064.6, 55], [60064.3, 88], [60063, 87], [60062.6, 13], [60062.5, 148], [60062, 144], [60061.3, 1], [60061.2, 34], [60059.6, 83], [60058.9, 1], [60058.2, 1], [60058.1, 13], [60057.4, 1], [60057.2, 264], [60056.7, 195], [60056.6, 200], [60054.8, 61], [60054.7, 8], [60054.5, 400], [60052.8, 150], [60052.7, 100], [60052.1, 1496], [60051.1, 350], [60050.1, 43], [60049.2, 30], [60048.9, 1], [60048.6, 256], [60048.5, 34], [60047.8, 93], [60047.4, 1], [60046.6, 58], [60046.3, 35], [60046.2, 10], [60045.4, 52], [60044.7, 55], [60043.8, 55], [60043.5, 88], [60043.2, 1000], [60043.1, 6], [60038.9, 1], [60038.7, 53], [60038.6, 800], [60037.9, 800], [60037.4, 1], [60036.9, 30], [60035.3, 1000], [60034.4, 200], [60034, 96], [60032.9, 130], [60030, 1], [60029.5, 6], [60029.3, 43], [60028.9, 1], [60028.4, 130], [60028.3, 2], [60027.4, 1], [60024.6, 52], [60022.8, 200], [60022.7, 30], [60022, 58], [60020.1, 2], [60020, 1], [60019.8, 35], [60019.2, 55], [60018.9, 69], [60017.4, 1], [60017.2, 1], [60014.2, 48], [60013.5, 1], [60012.1, 584], [60011.1, 50], [60010, 1], [60009.4, 61], [60008.9, 1], [60007.4, 1], [60006.3, 6], [60005.2, 2], [60004.7, 43], [60003.7, 35], [60000.8, 5], [60000, 54], [59998.5, 6], [59997.4, 1], [59995.4, 16], [59993.7, 3], [59990, 1], [59989, 54], [59987.5, 2], [59987.4, 492], [59987.3, 600], [59987, 530], [59985.1, 400], [59983.1, 6], [59982, 2], [59980.2, 2], [59980, 1], [59977.4, 1], [59976.7, 6], [59975.2, 6], [59970.6, 3], [59970.2, 57], [59970.1, 184], [59970, 1], [59969, 28], [59967.9, 127], [59967.8, 127], [59966.5, 6], [59966.3, 1], [59965.2, 5094], [59965.1, 1254], [59964.6, 128], [59964, 254], [59963.5, 1], [59962.2, 144], [59960.8, 508], [59960.7, 381], [59960.4, 3], [59960, 6], [59959.9, 6], [59958.8, 2], [59958.3, 3], [59957.5, 127], [59956.9, 2], [59955.3, 127], [59954.8, 254], [59953.9, 127], [59952.7, 6]], 'ch': 'market.BTC-USDT.depth.size_150.high_freq', 'event': 'update', 'id': 27690811262, 'mrid': 27690811262, 'ts': 1618243200166, 'version': 535532060}, 'trade_data': [[{'amount': 22, 'quantity': 0.022, 'trade_turnover': 1321.7534, 'ts': 1618243200140, 'id': 276908112610000, 'price': 60079.7, 'direction': 'sell'}, {'amount': 12, 'quantity': 0.012, 'trade_turnover': 720.9564, 'ts': 1618243200140, 'id': 276908112610001, 'price': 60079.7, 'direction': 'sell'}, {'amount': 10, 'quantity': 0.01, 'trade_turnover': 600.797, 'ts': 1618243200140, 'id': 276908112610002, 'price': 60079.7, 'direction': 'sell'}, {'amount': 10, 'quantity': 0.01, 'trade_turnover': 600.797, 'ts': 1618243200140, 'id': 276908112610003, 'price': 60079.7, 'direction': 'sell'}, {'amount': 12, 'quantity': 0.012, 'trade_turnover': 720.9564, 'ts': 1618243200140, 'id': 276908112610004, 'price': 60079.7, 'direction': 'sell'}, {'amount': 22, 'quantity': 0.022, 'trade_turnover': 1321.7534, 'ts': 1618243200140, 'id': 276908112610005, 'price': 60079.7, 'direction': 'sell'}, {'amount': 22, 'quantity': 0.022, 'trade_turnover': 1321.7534, 'ts': 1618243200140, 'id': 276908112610006, 'price': 60079.7, 'direction': 'sell'}, {'amount': 24, 'quantity': 0.024, 'trade_turnover': 1441.9128, 'ts': 1618243200140, 'id': 276908112610007, 'price': 60079.7, 'direction': 'sell'}, {'amount': 22, 'quantity': 0.022, 'trade_turnover': 1321.7534, 'ts': 1618243200140, 'id': 276908112610008, 'price': 60079.7, 'direction': 'sell'}, {'amount': 12, 'quantity': 0.012, 'trade_turnover': 720.9564, 'ts': 1618243200140, 'id': 276908112610009, 'price': 60079.7, 'direction': 'sell'}, {'amount': 82, 'quantity': 0.082, 'trade_turnover': 4926.5354, 'ts': 1618243200140, 'id': 276908112610010, 'price': 60079.7, 'direction': 'sell'}, {'amount': 4, 'quantity': 0.004, 'trade_turnover': 240.3188, 'ts': 1618243200140, 'id': 276908112610011, 'price': 60079.7, 'direction': 'sell'}, {'amount': 4, 'quantity': 0.004, 'trade_turnover': 240.3188, 'ts': 1618243200140, 'id': 276908112610012, 'price': 60079.7, 'direction': 'sell'}, {'amount': 142, 'quantity': 0.142, 'trade_turnover': 8531.3174, 'ts': 1618243200140, 'id': 276908112610013, 'price': 60079.7, 'direction': 'sell'}]], 'index_price': 60011.62666666666, 'contract_price': 60079.8, 'XAUUSD': [1618214399778, 1732.19], 'NASDAQ': [1618214399750, 13792.8], 'CHINA50': [1618214399111, 16846.7], 'DOW': [1618214399453, 33761.5]} ,
{'ch': 'market.BTC-USDT.depth.step0', 'ts': 1618243200165, 'depth': {'asks': [[60079.8, 10078], [60082.3, 33], [60083.9, 92], [60084.5, 33], [60087.2, 10], [60087.4, 10], [60088.2, 485], [60088.5, 925], [60089.3, 20], [60090.4, 50], [60090.9, 50], [60091.5, 116], [60094.2, 98], [60095.2, 88], [60098.8, 647], [60098.9, 135], [60099, 87], [60099.3, 441], [60099.9, 153], [60100, 4286], [60101.2, 10], [60102, 1], [60102.2, 501], [60102.3, 1], [60102.8, 35], [60104, 1], [60104.5, 1], [60104.7, 62], [60105.1, 33], [60105.2, 33], [60105.9, 10], [60106.4, 288], [60107.3, 53], [60107.4, 2], [60107.8, 167], [60108.1, 9], [60108.4, 1], [60108.5, 434], [60109.1, 10], [60109.9, 6], [60110.3, 30], [60110.4, 288], [60110.5, 12], [60110.7, 2], [60110.9, 237], [60111.1, 2], [60111.2, 1], [60112.3, 1], [60112.9, 2], [60113, 3], [60113.2, 35], [60113.4, 108], [60113.5, 1], [60114, 1002], [60114.1, 14], [60114.2, 2], [60114.8, 34], [60116, 58], [60117.2, 216], [60118.4, 13], [60118.5, 1], [60120, 222], [60120.7, 6], [60121.1, 1], [60121.2, 250], [60121.6, 40], [60121.8, 12], [60121.9, 144], [60122.6, 30], [60122.8, 200], [60122.9, 160], [60123.1, 100], [60123.4, 120], [60124, 68], [60124.5, 1], [60124.8, 534], [60124.9, 100], [60125, 40], [60125.5, 424], [60126, 9], [60127.1, 100], [60127.7, 2], [60128.1, 100], [60128.4, 131], [60129.3, 150], [60129.4, 200], [60131, 150], [60131.4, 1], [60131.9, 3], [60132.1, 1079], [60132.2, 900], [60132.4, 59], [60132.6, 100], [60132.9, 255], [60133.6, 112], [60133.8, 6], [60134, 1], [60134.1, 9], [60134.3, 55], [60134.5, 10], [60134.6, 25], [60134.9, 52], [60135.3, 1057], [60135.5, 8], [60136.8, 831], [60138, 2], [60138.2, 55], [60138.3, 2], [60138.4, 1], [60138.7, 29], [60138.9, 800], [60139.7, 35], [60139.9, 2], [60140, 30], [60140.6, 58], [60140.7, 16], [60141.9, 1], [60142, 1], [60142.9, 200], [60143.1, 3], [60143.2, 1002], [60144, 1], [60144.7, 6], [60145.5, 6], [60146.3, 100], [60148.4, 1], [60150, 971], [60150.1, 61], [60151.5, 42], [60151.6, 5], [60152.9, 32], [60153.1, 2], [60153.4, 1], [60154, 1], [60155.2, 55], [60155.4, 50], [60155.8, 35], [60156.1, 55], [60157.7, 6], [60158.3, 7], [60158.4, 1], [60159.5, 52], [60161, 2], [60161.1, 326], [60162, 50], [60163.3, 2], [60163.4, 1], [60163.5, 1], [60163.6, 7], [60164, 1]], 'bids': [[60079.7, 5801], [60078.9, 1], [60078.8, 3], [60078.4, 1], [60076.9, 33], [60076.8, 32], [60075.6, 24], [60073.9, 80], [60071.7, 10], [60071.5, 10], [60070.4, 40], [60070, 20], [60069.5, 50], [60069.4, 147], [60068.9, 1], [60068.5, 409], [60068, 114], [60067.5, 58], [60065.9, 2], [60065.6, 55], [60065.3, 99], [60065, 86], [60064.8, 8], [60064.6, 55], [60064.3, 88], [60063, 87], [60062.6, 13], [60062.5, 148], [60062, 144], [60061.3, 1], [60061.2, 34], [60059.6, 83], [60058.9, 1], [60058.2, 1], [60058.1, 13], [60057.8, 20], [60057.4, 1], [60057.2, 264], [60056.7, 195], [60056.6, 200], [60054.8, 61], [60054.7, 8], [60054.5, 400], [60052.8, 150], [60052.7, 100], [60052.1, 20], [60051.1, 350], [60050.1, 43], [60049.2, 30], [60048.9, 1], [60048.6, 256], [60048.5, 34], [60047.8, 93], [60047.4, 1], [60046.6, 58], [60046.3, 35], [60046.2, 10], [60045.4, 52], [60044.7, 55], [60043.8, 55], [60043.5, 88], [60043.2, 1000], [60043.1, 6], [60038.9, 1], [60038.7, 53], [60038.6, 800], [60037.9, 800], [60037.4, 1], [60036.9, 30], [60035.3, 1000], [60034.4, 200], [60034, 96], [60032.9, 130], [60030, 1], [60029.5, 6], [60029.3, 43], [60028.9, 1], [60028.4, 130], [60028.3, 2], [60027.4, 1], [60024.6, 52], [60022.8, 200], [60022.7, 30], [60022, 58], [60020.1, 2], [60020, 1], [60019.8, 35], [60019.2, 55], [60018.9, 69], [60017.4, 1], [60017.2, 1], [60014.2, 48], [60013.5, 1], [60012.1, 584], [60011.1, 50], [60010, 1], [60009.4, 61], [60008.9, 1], [60007.4, 1], [60006.3, 6], [60005.2, 2], [60004.7, 43], [60003.7, 35], [60000.8, 5], [60000, 54], [59998.5, 6], [59997.4, 1], [59995.4, 16], [59993.7, 3], [59990, 1], [59989, 54], [59987.5, 2], [59987.4, 492], [59987.3, 600], [59987, 530], [59985.1, 400], [59983.1, 6], [59982, 2], [59980.2, 2], [59980, 1], [59977.4, 1], [59976.7, 6], [59975.2, 6], [59970.6, 3], [59970.2, 57], [59970.1, 184], [59970, 1], [59969, 28], [59967.9, 127], [59967.8, 127], [59966.5, 6], [59966.3, 1], [59965.2, 5094], [59965.1, 1254], [59964.6, 128], [59964, 254], [59963.5, 1], [59962.2, 144], [59960.8, 508], [59960.7, 381], [59960.4, 3], [59960, 6], [59959.9, 6], [59958.8, 2], [59958.3, 3], [59957.5, 127], [59956.9, 2], [59955.3, 127], [59954.8, 254], [59953.9, 127]], 'ch': 'market.BTC-USDT.depth.size_150.high_freq', 'event': 'update', 'id': 27690811273, 'mrid': 27690811273, 'ts': 1618243200165, 'version': 535532061}, 'trade_data': [], 'index_price': 60011.62666666666, 'contract_price': 60079.8, 'XAUUSD': [1618214399778, 1732.19], 'NASDAQ': [1618214399750, 13792.8], 'CHINA50': [1618214399111, 16846.7], 'DOW': [1618214399453, 33761.5]} ,
{'ch': 'market.BTC-USDT.depth.step0', 'ts': 1618243200197, 'depth': {'asks': [[60079.8, 14478], [60082.3, 33], [60083.9, 92], [60084.5, 33], [60087.2, 10], [60087.4, 10], [60088.2, 485], [60088.5, 925], [60089.3, 20], [60090.4, 50], [60090.9, 50], [60091.5, 116], [60094.2, 98], [60095.2, 88], [60098.9, 135], [60099, 87], [60099.3, 441], [60099.9, 153], [60100, 4286], [60101.2, 10], [60102, 1], [60102.2, 501], [60102.3, 1], [60102.8, 35], [60104, 1], [60104.5, 1], [60104.7, 62], [60105.1, 33], [60105.9, 10], [60106.4, 288], [60107.3, 53], [60107.4, 2], [60107.8, 167], [60108.1, 9], [60108.4, 1], [60108.5, 434], [60109.1, 10], [60109.9, 6], [60110.3, 30], [60110.4, 288], [60110.5, 12], [60110.7, 2], [60110.9, 237], [60111.1, 2], [60111.2, 1], [60112.3, 1], [60112.9, 2], [60113, 3], [60113.2, 35], [60113.4, 108], [60113.5, 1], [60114, 1002], [60114.1, 14], [60114.2, 2], [60114.8, 34], [60116, 58], [60117.2, 216], [60118.4, 13], [60118.5, 1], [60120, 222], [60120.7, 6], [60121.1, 1], [60121.2, 250], [60121.6, 40], [60121.8, 12], [60121.9, 144], [60122.6, 30], [60122.8, 200], [60122.9, 160], [60123.1, 100], [60123.4, 120], [60124, 68], [60124.5, 1], [60124.8, 534], [60124.9, 100], [60125, 40], [60125.5, 424], [60126, 9], [60127.1, 100], [60127.7, 2], [60128.1, 100], [60128.4, 131], [60129.3, 150], [60129.4, 200], [60131, 150], [60131.4, 1], [60131.9, 3], [60132.1, 1079], [60132.2, 900], [60132.4, 59], [60132.6, 100], [60132.9, 255], [60133.6, 112], [60133.8, 6], [60134, 1], [60134.1, 9], [60134.3, 55], [60134.5, 10], [60134.6, 25], [60134.9, 52], [60135.3, 1057], [60135.5, 8], [60136.8, 831], [60138, 2], [60138.2, 55], [60138.3, 2], [60138.4, 1], [60138.7, 29], [60138.9, 800], [60139.7, 35], [60139.9, 2], [60140, 30], [60140.6, 58], [60140.7, 16], [60141.9, 1], [60142, 1], [60142.9, 200], [60143.1, 3], [60143.2, 1002], [60144, 1], [60144.7, 6], [60145.5, 6], [60146.3, 100], [60148.4, 1], [60150, 971], [60150.1, 61], [60151.5, 42], [60151.6, 5], [60152.9, 32], [60153.1, 2], [60153.4, 1], [60154, 1], [60155.2, 55], [60155.4, 50], [60155.8, 35], [60156.1, 55], [60157.7, 6], [60158.3, 7], [60158.4, 1], [60159.5, 52], [60161, 2], [60161.1, 326], [60162, 50], [60163.3, 2], [60163.4, 1], [60163.5, 1], [60163.6, 7], [60164, 1], [60165, 15], [60165.1, 1000]], 'bids': [[60079.7, 5801], [60078.9, 1], [60078.8, 3], [60078.4, 1], [60076.9, 33], [60076.8, 32], [60075.6, 24], [60073.9, 80], [60071.7, 10], [60071.5, 10], [60070.4, 40], [60070, 20], [60069.5, 50], [60069.4, 147], [60068.9, 1], [60068.5, 409], [60068, 114], [60067.5, 58], [60065.9, 2], [60065.6, 55], [60065.3, 99], [60065, 86], [60064.8, 8], [60064.6, 55], [60064.3, 88], [60063, 87], [60062.6, 13], [60062.5, 161], [60062, 144], [60061.3, 1], [60061.2, 34], [60059.6, 83], [60058.9, 1], [60058.2, 1], [60058.1, 13], [60057.8, 20], [60057.4, 1], [60057.2, 264], [60056.7, 195], [60056.6, 200], [60054.8, 61], [60054.7, 8], [60054.5, 1876], [60052.8, 150], [60052.7, 100], [60052.1, 20], [60051.1, 350], [60050.5, 20], [60050.1, 43], [60049.2, 30], [60048.9, 1], [60048.6, 256], [60048.5, 34], [60047.8, 93], [60047.4, 1], [60046.6, 58], [60046.3, 35], [60046.2, 10], [60045.4, 52], [60044.7, 55], [60043.8, 55], [60043.5, 88], [60043.2, 1000], [60043.1, 6], [60038.9, 1], [60038.7, 53], [60038.6, 800], [60037.9, 800], [60037.4, 1], [60036.9, 30], [60035.3, 1000], [60034.4, 200], [60034, 96], [60032.9, 130], [60030, 1], [60029.5, 6], [60029.3, 43], [60028.9, 1], [60028.4, 130], [60028.3, 2], [60027.4, 1], [60024.6, 52], [60022.8, 200], [60022.7, 30], [60022, 58], [60020.1, 2], [60020, 1], [60019.8, 35], [60019.2, 55], [60018.9, 69], [60017.4, 1], [60017.2, 1], [60014.2, 48], [60013.5, 1], [60012.1, 584], [60011.1, 50], [60010, 1], [60009.4, 61], [60008.9, 1], [60007.4, 1], [60006.3, 6], [60005.2, 2], [60004.7, 43], [60003.7, 35], [60000.8, 5], [60000, 54], [59998.5, 6], [59997.4, 1], [59995.4, 16], [59993.7, 3], [59990, 1], [59989, 54], [59987.5, 2], [59987.4, 492], [59987.3, 600], [59987, 530], [59985.1, 400], [59983.1, 6], [59982, 2], [59980.2, 2], [59980, 1], [59977.4, 1], [59976.7, 6], [59975.2, 6], [59970.6, 3], [59970.2, 57], [59970.1, 184], [59970, 1], [59969, 28], [59967.9, 127], [59967.8, 127], [59966.5, 6], [59966.3, 1], [59965.2, 5094], [59965.1, 1254], [59964.6, 128], [59964, 254], [59963.5, 1], [59962.2, 144], [59960.8, 508], [59960.7, 381], [59960.4, 3], [59960, 6], [59959.9, 6], [59958.8, 2], [59958.3, 3], [59957.5, 127], [59956.9, 2], [59955.3, 127], [59954.8, 254]], 'ch': 'market.BTC-USDT.depth.size_150.high_freq', 'event': 'update', 'id': 27690811295, 'mrid': 27690811295, 'ts': 1618243200197, 'version': 535532062}, 'trade_data': [], 'index_price': 60011.62666666666, 'contract_price': 60079.8, 'XAUUSD': [1618214399778, 1732.19], 'NASDAQ': [1618214399750, 13792.8], 'CHINA50': [1618214399111, 16846.7], 'DOW': [1618214399453, 33761.5]} ,
{'ch': 'market.BTC-USDT.depth.step0', 'ts': 1618243200225, 'depth': {'asks': [[60079.8, 15189], [60082.3, 33], [60083.9, 92], [60084.5, 33], [60087.2, 10], [60087.4, 10], [60088.2, 485], [60088.5, 925], [60090.4, 50], [60090.9, 50], [60091.5, 116], [60094.1, 10], [60094.2, 98], [60095.2, 88], [60098.9, 135], [60099, 87], [60099.3, 441], [60099.9, 1154], [60100, 4286], [60101.2, 10], [60102, 1], [60102.2, 501], [60102.3, 1], [60102.8, 35], [60104, 1], [60104.5, 1], [60104.7, 62], [60105.1, 34], [60105.9, 10], [60106.4, 288], [60107.3, 53], [60107.4, 2], [60107.8, 167], [60108.1, 9], [60108.4, 1], [60108.5, 434], [60109.1, 10], [60109.9, 6], [60110.3, 30], [60110.4, 288], [60110.7, 2], [60110.9, 237], [60111.1, 2], [60111.2, 1], [60112.3, 1], [60112.9, 2], [60113, 3], [60113.2, 35], [60113.4, 108], [60113.5, 1], [60114, 1002], [60114.1, 14], [60114.2, 2], [60114.8, 34], [60116, 58], [60117.2, 216], [60118.4, 13], [60118.5, 1], [60120, 222], [60120.7, 6], [60121.1, 1], [60121.2, 250], [60121.6, 40], [60121.8, 12], [60121.9, 144], [60122.6, 30], [60122.8, 200], [60122.9, 160], [60123.1, 100], [60123.4, 120], [60124, 68], [60124.5, 1], [60124.8, 534], [60124.9, 100], [60125, 40], [60125.5, 424], [60126, 9], [60127.1, 100], [60127.7, 2], [60128.1, 100], [60128.4, 131], [60129.3, 150], [60129.4, 200], [60131, 150], [60131.4, 1], [60131.9, 3], [60132.1, 1079], [60132.2, 900], [60132.4, 59], [60132.6, 100], [60132.9, 255], [60133.6, 112], [60133.8, 6], [60134, 1], [60134.1, 9], [60134.5, 10], [60134.6, 25], [60134.9, 52], [60135.3, 1057], [60135.5, 8], [60136.8, 831], [60138, 2], [60138.2, 55], [60138.3, 2], [60138.4, 1], [60138.7, 29], [60138.9, 800], [60139.7, 35], [60139.9, 2], [60140, 30], [60140.6, 58], [60140.7, 16], [60141.9, 1], [60142, 1], [60142.9, 200], [60143.1, 3], [60143.2, 1002], [60144, 1], [60144.7, 6], [60145.5, 6], [60146.3, 100], [60148.4, 1], [60150, 971], [60150.1, 61], [60151.5, 42], [60151.6, 5], [60152.9, 32], [60153.1, 2], [60153.4, 1], [60154, 1], [60155.4, 50], [60155.8, 35], [60156.1, 55], [60157.7, 6], [60158.3, 7], [60158.4, 1], [60159.5, 52], [60161, 2], [60161.1, 326], [60162, 50], [60163.3, 2], [60163.4, 1], [60163.5, 1], [60163.6, 7], [60164, 1], [60165, 15], [60165.1, 1000], [60168.4, 1], [60168.7, 6], [60169.4, 1]], 'bids': [[60079.7, 5801], [60078.9, 1], [60078.8, 3], [60078.4, 1], [60076.9, 33], [60076.8, 32], [60075.6, 24], [60073.9, 80], [60071.7, 10], [60071.5, 10], [60070.4, 40], [60069.5, 50], [60069.4, 147], [60068.9, 1], [60068.5, 409], [60068.1, 20], [60068, 114], [60067.5, 58], [60065.9, 2], [60065.3, 99], [60065, 86], [60064.8, 8], [60064.6, 55], [60064.3, 88], [60063, 87], [60062.6, 13], [60062.5, 161], [60062, 144], [60061.3, 1], [60061.2, 34], [60059.6, 83], [60058.9, 1], [60058.2, 1], [60058.1, 13], [60057.8, 20], [60057.4, 1], [60057.2, 264], [60056.7, 195], [60056.6, 200], [60054.8, 61], [60054.7, 8], [60054.5, 1876], [60052.8, 150], [60052.7, 100], [60051.1, 350], [60050.5, 20], [60050.1, 43], [60049.2, 30], [60048.9, 1], [60048.6, 256], [60048.5, 34], [60047.8, 93], [60047.4, 1], [60046.6, 58], [60046.3, 35], [60046.2, 10], [60045.4, 52], [60043.8, 55], [60043.5, 88], [60043.2, 1000], [60043.1, 6], [60038.9, 1], [60038.7, 53], [60038.6, 800], [60037.9, 800], [60037.4, 1], [60036.9, 30], [60035.3, 1000], [60034.4, 200], [60034, 96], [60032.9, 130], [60030, 1], [60029.5, 6], [60029.3, 43], [60028.9, 1], [60028.4, 130], [60028.3, 2], [60027.4, 1], [60024.6, 52], [60022.8, 200], [60022.7, 30], [60022, 58], [60020, 1], [60019.8, 35], [60019.2, 55], [60018.9, 69], [60017.4, 1], [60017.2, 1], [60014.2, 48], [60013.5, 1], [60012.1, 584], [60011.1, 50], [60010, 1], [60009.4, 61], [60008.9, 1], [60007.4, 1], [60006.3, 6], [60005.2, 2], [60004.7, 43], [60003.7, 35], [60000.8, 5], [60000, 54], [59998.5, 6], [59997.4, 1], [59995.4, 16], [59993.7, 3], [59990, 1], [59989, 54], [59987.5, 2], [59987.4, 492], [59987.3, 600], [59987, 530], [59985.1, 400], [59983.1, 6], [59982, 2], [59980.2, 2], [59980, 1], [59977.4, 1], [59976.7, 6], [59975.2, 6], [59970.6, 3], [59970.2, 57], [59970.1, 184], [59970, 1], [59969, 28], [59967.9, 127], [59967.8, 127], [59966.5, 6], [59966.3, 1], [59965.2, 5094], [59965.1, 1254], [59964.6, 128], [59964, 254], [59963.5, 1], [59962.2, 144], [59960.8, 508], [59960.7, 381], [59960.4, 3], [59960, 6], [59959.9, 6], [59958.8, 2], [59958.3, 3], [59957.5, 127], [59956.9, 2], [59955.3, 127], [59954.8, 254], [59953.9, 127], [59952.7, 6], [59951.9, 6], [59951, 1]], 'ch': 'market.BTC-USDT.depth.size_150.high_freq', 'event': 'update', 'id': 27690811361, 'mrid': 27690811361, 'ts': 1618243200225, 'version': 535532063}, 'trade_data': [], 'index_price': 60011.62666666666, 'contract_price': 60079.8, 'XAUUSD': [1618214399778, 1732.19], 'NASDAQ': [1618214399750, 13792.8], 'CHINA50': [1618214399111, 16846.7], 'DOW': [1618214399453, 33761.5]} ,
{'ch': 'market.BTC-USDT.depth.step0', 'ts': 1618243200257, 'depth': {'asks': [[60079.8, 15189], [60082.3, 33], [60083.9, 92], [60084.5, 33], [60087.2, 10], [60087.4, 30], [60088.2, 485], [60088.5, 925], [60090.4, 50], [60090.9, 50], [60091.5, 116], [60094.1, 10], [60094.2, 98], [60095.2, 88], [60098.9, 135], [60099, 87], [60099.3, 441], [60099.9, 1154], [60100, 4286], [60101.2, 10], [60102, 1], [60102.2, 501], [60102.3, 1], [60102.8, 35], [60104, 1], [60104.5, 1], [60104.7, 62], [60105.1, 34], [60105.9, 10], [60106.4, 288], [60107.3, 53], [60107.4, 2], [60107.8, 167], [60108.1, 9], [60108.4, 1], [60108.5, 434], [60109.1, 10], [60109.9, 6], [60110.3, 30], [60110.4, 301], [60110.7, 2], [60110.9, 237], [60111.1, 2], [60111.2, 1], [60112.3, 1], [60112.9, 2], [60113, 3], [60113.2, 35], [60113.4, 108], [60113.5, 1], [60114, 1002], [60114.1, 14], [60114.2, 2], [60114.8, 34], [60116, 58], [60117.2, 216], [60118.4, 13], [60118.5, 1], [60120, 222], [60120.7, 6], [60121.1, 1], [60121.2, 250], [60121.6, 40], [60121.8, 12], [60121.9, 144], [60122.6, 30], [60122.8, 200], [60122.9, 160], [60123.1, 100], [60123.4, 120], [60124, 68], [60124.5, 1], [60124.8, 534], [60124.9, 100], [60125, 40], [60125.5, 424], [60126, 9], [60127.1, 100], [60127.7, 2], [60128.1, 100], [60128.4, 131], [60129.3, 150], [60129.4, 200], [60131, 150], [60131.4, 1], [60131.9, 3], [60132.1, 1079], [60132.2, 900], [60132.4, 59], [60132.6, 100], [60132.9, 255], [60133.6, 112], [60133.8, 6], [60134, 1], [60134.1, 9], [60134.5, 10], [60134.6, 25], [60134.9, 52], [60135.3, 1057], [60135.5, 8], [60136.8, 831], [60138, 2], [60138.2, 55], [60138.3, 2], [60138.4, 1], [60138.7, 29], [60138.9, 800], [60139.7, 35], [60139.9, 2], [60140, 30], [60140.6, 58], [60140.7, 16], [60141.9, 1], [60142, 1], [60142.9, 200], [60143.1, 3], [60143.2, 1002], [60144, 1], [60144.7, 6], [60145.5, 6], [60146.3, 100], [60148.4, 1], [60150, 971], [60150.1, 61], [60151.5, 42], [60151.6, 5], [60152.9, 32], [60153.1, 2], [60153.4, 1], [60154, 1], [60155.4, 50], [60155.8, 35], [60156.1, 55], [60157.7, 6], [60158.3, 7], [60158.4, 1], [60159.5, 52], [60161, 2], [60161.1, 326], [60162, 50], [60163.3, 2], [60163.4, 1], [60163.5, 1], [60163.6, 7], [60164, 1], [60165, 15], [60165.1, 1000], [60168.4, 1], [60168.7, 6], [60169.4, 1]], 'bids': [[60079.7, 6289], [60078.9, 1], [60078.8, 3], [60078.4, 1], [60076.9, 33], [60076.8, 32], [60075.6, 24], [60073.9, 80], [60071.7, 10], [60071.5, 10], [60070.4, 40], [60069.5, 50], [60069.4, 147], [60068.9, 1], [60068.5, 409], [60068.1, 20], [60068, 114], [60067.5, 58], [60065.9, 2], [60065.3, 99], [60065, 86], [60064.8, 8], [60064.6, 55], [60064.3, 88], [60063, 87], [60062.6, 13], [60062.5, 161], [60062, 144], [60061.3, 1], [60061.2, 34], [60059.6, 83], [60058.9, 1], [60058.2, 1], [60058.1, 13], [60057.8, 20], [60057.4, 1], [60057.2, 264], [60056.7, 195], [60056.6, 200], [60054.8, 61], [60054.7, 8], [60054.5, 400], [60052.8, 150], [60052.7, 100], [60051.1, 350], [60050.5, 20], [60050.1, 43], [60049.2, 30], [60048.9, 1], [60048.6, 256], [60048.5, 34], [60047.8, 93], [60047.4, 1], [60046.6, 58], [60046.3, 35], [60046.2, 10], [60045.4, 52], [60043.8, 55], [60043.5, 88], [60043.2, 1000], [60043.1, 6], [60038.9, 1], [60038.7, 53], [60038.6, 800], [60037.9, 800], [60037.4, 1], [60036.9, 30], [60035.3, 1000], [60034.4, 200], [60034, 96], [60032.9, 130], [60030, 1], [60029.5, 6], [60029.3, 43], [60028.9, 1], [60028.4, 130], [60028.3, 2], [60027.4, 1], [60024.6, 52], [60022.8, 200], [60022.7, 30], [60022, 58], [60020, 1], [60019.8, 35], [60019.2, 55], [60018.9, 69], [60017.4, 1], [60017.2, 1], [60014.2, 48], [60013.5, 1], [60012.1, 584], [60011.1, 50], [60010, 1], [60009.4, 61], [60008.9, 1], [60007.4, 1], [60006.3, 6], [60005.2, 2], [60004.7, 43], [60003.7, 35], [60000.8, 5], [60000, 54], [59998.5, 6], [59997.4, 1], [59995.4, 16], [59993.7, 3], [59990, 1], [59989, 54], [59987.5, 2], [59987.4, 492], [59987.3, 600], [59987, 530], [59985.1, 400], [59983.1, 6], [59982, 2], [59980.2, 2], [59980, 1], [59977.4, 1], [59976.7, 6], [59975.2, 6], [59970.6, 3], [59970.2, 57], [59970.1, 184], [59970, 1], [59969, 28], [59967.9, 127], [59967.8, 127], [59966.5, 6], [59966.3, 1], [59965.2, 5094], [59965.1, 1254], [59964.6, 128], [59964, 254], [59963.5, 1], [59962.2, 144], [59960.8, 508], [59960.7, 381], [59960.4, 3], [59960, 6], [59959.9, 6], [59958.8, 2], [59958.3, 3], [59957.5, 127], [59956.9, 2], [59955.3, 127], [59954.8, 254], [59953.9, 127], [59952.7, 6], [59951.9, 6], [59951, 1]], 'ch': 'market.BTC-USDT.depth.size_150.high_freq', 'event': 'update', 'id': 27690811373, 'mrid': 27690811373, 'ts': 1618243200256, 'version': 535532064}, 'trade_data': [], 'index_price': 60011.62666666666, 'contract_price': 60079.8, 'XAUUSD': [1618214399778, 1732.19], 'NASDAQ': [1618214399750, 13792.8], 'CHINA50': [1618214399111, 16846.7], 'DOW': [1618214399453, 33761.5]} ,
{'ch': 'market.BTC-USDT.depth.step0', 'ts': 1618243200287, 'depth': {'asks': [[60079.8, 15189], [60082.3, 33], [60083.9, 92], [60084.5, 33], [60087.2, 10], [60087.4, 30], [60088.2, 485], [60088.5, 925], [60090.4, 50], [60090.9, 50], [60091.5, 116], [60094, 10], [60094.2, 98], [60095.2, 88], [60098.9, 135], [60099, 87], [60099.3, 441], [60099.9, 1154], [60100, 4286], [60101.2, 10], [60102, 1], [60102.2, 501], [60102.3, 1], [60102.8, 35], [60104, 1], [60104.5, 1], [60104.7, 62], [60105.1, 34], [60105.9, 10], [60106.4, 1764], [60107.3, 53], [60107.4, 2], [60107.8, 167], [60108.1, 9], [60108.4, 1], [60108.5, 434], [60109.1, 10], [60109.9, 6], [60110.3, 30], [60110.4, 301], [60110.7, 2], [60110.9, 237], [60111.1, 2], [60111.2, 1], [60112.3, 1], [60112.9, 2], [60113, 3], [60113.2, 35], [60113.4, 108], [60113.5, 1], [60114, 1002], [60114.1, 14], [60114.2, 2], [60114.8, 34], [60116, 58], [60117.2, 216], [60118.4, 13], [60118.5, 1], [60120, 222], [60120.7, 6], [60121.1, 1], [60121.2, 250], [60121.6, 40], [60121.8, 12], [60121.9, 144], [60122.6, 30], [60122.8, 200], [60122.9, 160], [60123.1, 100], [60123.4, 120], [60124, 68], [60124.5, 1], [60124.8, 534], [60124.9, 100], [60125, 40], [60125.5, 424], [60126, 9], [60127.1, 100], [60127.7, 2], [60128.1, 100], [60128.4, 131], [60129.3, 150], [60129.4, 200], [60131, 150], [60131.4, 1], [60131.9, 3], [60132.2, 900], [60132.4, 59], [60132.6, 100], [60132.9, 255], [60133.6, 112], [60133.8, 6], [60134, 1], [60134.1, 9], [60134.5, 10], [60134.6, 25], [60134.9, 52], [60135.3, 1057], [60135.5, 8], [60136.8, 831], [60138, 2], [60138.2, 55], [60138.3, 2], [60138.4, 1], [60138.7, 29], [60138.9, 800], [60139.7, 35], [60139.9, 2], [60140, 30], [60140.6, 58], [60140.7, 16], [60141.9, 1], [60142, 1], [60142.9, 200], [60143.1, 3], [60143.2, 1002], [60144, 1], [60144.7, 6], [60145.5, 6], [60146.3, 100], [60148.4, 1], [60150, 971], [60150.1, 61], [60151.5, 42], [60151.6, 5], [60152.9, 32], [60153.1, 2], [60153.4, 1], [60154, 1], [60155.4, 50], [60155.8, 35], [60156.1, 55], [60157.7, 6], [60158.3, 7], [60158.4, 1], [60159.5, 52], [60161, 2], [60161.1, 326], [60162, 50], [60163.3, 2], [60163.4, 1], [60163.5, 1], [60163.6, 7], [60164, 1], [60165, 15], [60165.1, 1000], [60168.4, 1], [60168.7, 6], [60169.4, 1], [60170, 30]], 'bids': [[60079.7, 6289], [60078.9, 1], [60078.8, 3], [60078.4, 1], [60076.9, 33], [60076.8, 32], [60075.6, 24], [60073.9, 80], [60071.7, 10], [60071.5, 10], [60070.4, 40], [60069.5, 50], [60069.4, 147], [60068.9, 1], [60068.5, 418], [60068.1, 20], [60068, 114], [60067.5, 58], [60065.9, 2], [60065.3, 99], [60065, 86], [60064.8, 8], [60064.6, 55], [60064.3, 88], [60063, 87], [60062.6, 12], [60062.5, 161], [60062, 144], [60061.3, 1], [60061.2, 34], [60059.6, 83], [60058.9, 1], [60058.2, 1], [60058.1, 13], [60057.8, 20], [60057.4, 1], [60057.2, 264], [60056.7, 195], [60056.6, 200], [60054.8, 61], [60054.7, 8], [60054.5, 400], [60052.8, 150], [60052.7, 100], [60051.1, 350], [60050.5, 20], [60050.1, 43], [60049.2, 30], [60048.9, 1], [60048.6, 256], [60048.5, 34], [60047.8, 93], [60047.4, 1], [60046.6, 58], [60046.3, 35], [60046.2, 10], [60045.4, 52], [60043.8, 55], [60043.5, 88], [60043.2, 1000], [60043.1, 6], [60038.9, 1], [60038.7, 53], [60038.6, 800], [60037.9, 800], [60037.4, 1], [60036.9, 30], [60035.3, 1000], [60034.4, 200], [60034, 96], [60032.9, 130], [60030, 1], [60029.5, 6], [60029.3, 43], [60028.9, 1], [60028.4, 130], [60028.3, 2], [60027.4, 1], [60024.6, 52], [60022.8, 200], [60022.7, 30], [60022, 58], [60020, 1], [60019.8, 35], [60019.2, 55], [60018.9, 69], [60017.4, 1], [60017.2, 1], [60014.2, 48], [60013.5, 1], [60012.1, 584], [60011.1, 50], [60010, 1], [60009.4, 61], [60008.9, 1], [60007.4, 1], [60006.3, 6], [60005.2, 2], [60004.7, 43], [60003.7, 35], [60000.8, 5], [60000, 54], [59998.5, 6], [59997.4, 1], [59995.4, 16], [59993.7, 3], [59990, 1], [59989, 54], [59987.5, 2], [59987.4, 492], [59987.3, 600], [59987, 530], [59985.1, 400], [59983.1, 6], [59982, 2], [59980.2, 2], [59980, 1], [59977.4, 1], [59976.7, 6], [59975.2, 6], [59970.6, 3], [59970.2, 57], [59970.1, 184], [59970, 1], [59969, 28], [59967.9, 127], [59967.8, 127], [59966.5, 6], [59966.3, 1], [59965.2, 5094], [59965.1, 1254], [59964.6, 128], [59964, 254], [59963.5, 1], [59962.2, 144], [59960.8, 508], [59960.7, 381], [59960.4, 3], [59960, 6], [59959.9, 6], [59958.8, 2], [59958.3, 3], [59957.5, 127], [59956.9, 2], [59955.3, 127], [59954.8, 254], [59953.9, 127], [59952.7, 6], [59951.9, 6], [59951, 1]], 'ch': 'market.BTC-USDT.depth.size_150.high_freq', 'event': 'update', 'id': 27690811388, 'mrid': 27690811388, 'ts': 1618243200287, 'version': 535532065}, 'trade_data': [], 'index_price': 60011.62666666666, 'contract_price': 60079.8, 'XAUUSD': [1618214399778, 1732.19], 'NASDAQ': [1618214399750, 13792.8], 'CHINA50': [1618214399111, 16846.7], 'DOW': [1618214399453, 33761.5]} ,
{'ch': 'market.BTC-USDT.depth.step0', 'ts': 1618243200285, 'depth': {'asks': [[60079.8, 15189], [60082.3, 33], [60083.9, 92], [60084.5, 33], [60087.2, 10], [60087.4, 30], [60088.2, 485], [60088.5, 925], [60090.4, 50], [60090.9, 50], [60091.5, 116], [60094, 10], [60094.2, 98], [60095.2, 88], [60098.9, 135], [60099, 87], [60099.3, 441], [60099.9, 1154], [60100, 4286], [60101.2, 10], [60102, 1], [60102.2, 501], [60102.3, 1], [60102.8, 35], [60104, 1], [60104.5, 1], [60104.7, 62], [60105.1, 34], [60105.9, 10], [60106.4, 1764], [60107.3, 53], [60107.4, 2], [60107.8, 167], [60108.1, 9], [60108.4, 1], [60108.5, 434], [60109.1, 10], [60109.9, 6], [60110.3, 30], [60110.4, 301], [60110.7, 2], [60110.9, 237], [60111.1, 2], [60111.2, 1], [60112.3, 1], [60112.9, 2], [60113, 3], [60113.2, 35], [60113.4, 108], [60113.5, 1], [60114, 1002], [60114.1, 14], [60114.2, 2], [60114.8, 34], [60116, 58], [60117.2, 216], [60118.4, 13], [60118.5, 1], [60120, 222], [60120.7, 6], [60121.1, 1], [60121.2, 250], [60121.6, 40], [60121.8, 12], [60121.9, 144], [60122.6, 30], [60122.8, 200], [60122.9, 160], [60123.1, 100], [60123.4, 120], [60124, 68], [60124.5, 1], [60124.8, 534], [60124.9, 100], [60125, 40], [60125.5, 424], [60126, 9], [60127.1, 100], [60127.7, 2], [60128.1, 100], [60128.4, 131], [60129.3, 150], [60129.4, 200], [60131, 150], [60131.4, 1], [60131.9, 3], [60132.2, 900], [60132.4, 59], [60132.6, 100], [60132.9, 255], [60133.6, 112], [60133.8, 6], [60134, 1], [60134.1, 9], [60134.5, 10], [60134.6, 25], [60134.9, 52], [60135.3, 1057], [60135.5, 8], [60136.8, 831], [60138, 2], [60138.2, 55], [60138.3, 2], [60138.4, 1], [60138.7, 29], [60138.9, 800], [60139.7, 35], [60139.9, 2], [60140, 30], [60140.6, 58], [60140.7, 16], [60141.9, 1], [60142, 1], [60142.9, 200], [60143.1, 3], [60143.2, 1002], [60143.5, 1], [60144, 1], [60144.7, 6], [60145.5, 6], [60146.3, 100], [60148.4, 1], [60150, 971], [60150.1, 61], [60151.5, 42], [60151.6, 5], [60152.9, 32], [60153.1, 2], [60153.4, 1], [60154, 1], [60155.4, 50], [60155.8, 35], [60156.1, 55], [60157.7, 6], [60158.3, 7], [60158.4, 1], [60159.5, 52], [60161, 2], [60161.1, 326], [60162, 50], [60163.3, 2], [60163.4, 1], [60163.5, 1], [60163.6, 7], [60164, 1], [60165, 15], [60165.1, 1000], [60168.4, 1], [60168.7, 6], [60169.4, 1]], 'bids': [[60079.7, 6289], [60078.9, 1], [60078.8, 3], [60078.4, 1], [60076.9, 33], [60076.8, 32], [60075.6, 24], [60073.9, 80], [60071.7, 10], [60071.5, 10], [60070.4, 40], [60069.5, 50], [60069.4, 147], [60068.9, 1], [60068.5, 418], [60068.1, 20], [60068, 114], [60067.5, 58], [60065.9, 2], [60065.3, 99], [60065, 86], [60064.8, 8], [60064.6, 55], [60064.3, 88], [60063, 87], [60062.6, 12], [60062.5, 161], [60062, 144], [60061.3, 1], [60061.2, 34], [60059.6, 83], [60058.9, 1], [60058.2, 1], [60058.1, 13], [60057.8, 20], [60057.4, 1], [60057.2, 264], [60056.7, 195], [60056.6, 200], [60054.8, 61], [60054.7, 8], [60054.5, 400], [60052.8, 150], [60052.7, 100], [60051.1, 350], [60050.5, 20], [60050.1, 43], [60049.2, 30], [60048.9, 1], [60048.6, 256], [60048.5, 34], [60047.8, 93], [60047.4, 1], [60046.6, 58], [60046.3, 35], [60046.2, 10], [60045.4, 52], [60043.8, 55], [60043.5, 88], [60043.2, 1000], [60043.1, 6], [60038.9, 1], [60038.7, 53], [60038.6, 800], [60037.9, 800], [60037.4, 1], [60036.9, 30], [60035.3, 1000], [60034.4, 200], [60034, 96], [60032.9, 130], [60030, 1], [60029.5, 6], [60029.3, 43], [60028.9, 1], [60028.4, 130], [60028.3, 2], [60027.4, 1], [60024.6, 52], [60022.8, 200], [60022.7, 30], [60022, 58], [60020, 1], [60019.8, 35], [60019.2, 55], [60018.9, 69], [60017.4, 1], [60017.2, 1], [60014.2, 48], [60013.5, 1], [60012.1, 584], [60011.1, 50], [60010, 1], [60009.4, 61], [60008.9, 1], [60007.4, 1], [60006.3, 6], [60005.2, 2], [60004.7, 43], [60003.7, 35], [60000.8, 5], [60000, 54], [59998.5, 6], [59997.4, 1], [59995.4, 16], [59993.7, 3], [59990, 1], [59989, 54], [59987.5, 2], [59987.4, 492], [59987.3, 600], [59987, 530], [59985.1, 400], [59983.1, 6], [59982, 2], [59980.2, 2], [59980, 1], [59977.4, 1], [59976.7, 6], [59975.2, 6], [59970.6, 3], [59970.2, 57], [59970.1, 184], [59970, 1], [59969, 28], [59967.9, 127], [59967.8, 127], [59966.5, 6], [59966.3, 1], [59965.2, 5094], [59965.1, 1254], [59964.6, 128], [59964, 254], [59963.5, 1], [59962.2, 144], [59960.8, 508], [59960.7, 381], [59960.4, 3], [59960, 6], [59959.9, 6], [59958.8, 2], [59958.3, 3], [59957.5, 127], [59956.9, 2], [59955.3, 127], [59954.8, 254], [59953.9, 127], [59952.7, 6], [59951.9, 6], [59951, 1]], 'ch': 'market.BTC-USDT.depth.size_150.high_freq', 'event': 'update', 'id': 27690811390, 'mrid': 27690811390, 'ts': 1618243200285, 'version': 535532066}, 'trade_data': [], 'index_price': 60011.62666666666, 'contract_price': 60079.8, 'XAUUSD': [1618214399778, 1732.19], 'NASDAQ': [1618214399750, 13792.8], 'CHINA50': [1618214399111, 16846.7], 'DOW': [1618214399453, 33761.5]} ,
{'ch': 'market.BTC-USDT.depth.step0', 'ts': 1618243200317, 'depth': {'asks': [[60079.8, 15191], [60082.3, 33], [60083.9, 92], [60084.5, 33], [60087.2, 10], [60087.4, 30], [60088.2, 485], [60088.5, 925], [60090.4, 50], [60090.9, 50], [60091.5, 116], [60094, 10], [60094.2, 98], [60095.2, 88], [60098.9, 135], [60099, 87], [60099.3, 441], [60099.9, 1154], [60100, 4286], [60101.2, 10], [60102, 1], [60102.2, 501], [60102.3, 1], [60102.8, 35], [60104, 1], [60104.5, 1], [60104.7, 62], [60105.1, 34], [60105.9, 10], [60106.4, 1764], [60107.3, 53], [60107.4, 2], [60107.8, 167], [60108.1, 9], [60108.4, 1], [60108.5, 434], [60109.1, 10], [60109.9, 6], [60110.3, 30], [60110.4, 301], [60110.7, 2], [60110.9, 237], [60111.1, 2], [60111.2, 1], [60112.3, 1], [60112.9, 2], [60113, 3], [60113.2, 35], [60113.4, 108], [60113.5, 1], [60114, 1002], [60114.1, 14], [60114.2, 2], [60114.8, 34], [60116, 58], [60117.2, 216], [60118.4, 13], [60118.5, 1], [60120, 222], [60120.7, 6], [60121.1, 1], [60121.2, 250], [60121.6, 40], [60121.8, 12], [60121.9, 144], [60122.6, 30], [60122.8, 200], [60122.9, 160], [60123.1, 100], [60123.4, 120], [60124, 68], [60124.5, 1], [60124.8, 534], [60124.9, 100], [60125, 40], [60125.5, 424], [60126, 9], [60127.1, 100], [60127.7, 2], [60128.1, 100], [60128.4, 131], [60129.3, 150], [60129.4, 200], [60131, 150], [60131.4, 1], [60131.9, 3], [60132.2, 900], [60132.4, 59], [60132.6, 100], [60132.9, 255], [60133.6, 112], [60133.8, 6], [60134, 1], [60134.1, 9], [60134.5, 10], [60134.6, 25], [60134.9, 52], [60135.3, 1057], [60135.5, 8], [60136.8, 831], [60138, 2], [60138.2, 55], [60138.3, 2], [60138.4, 1], [60138.7, 29], [60138.9, 800], [60139.7, 35], [60139.9, 2], [60140, 30], [60140.6, 58], [60140.7, 16], [60141.9, 1], [60142, 1], [60142.9, 200], [60143.1, 3], [60143.2, 1002], [60143.5, 1], [60144, 1], [60144.7, 6], [60145.5, 6], [60146.3, 100], [60148.4, 1], [60150, 971], [60150.1, 61], [60151.5, 42], [60151.6, 5], [60152.9, 32], [60153.1, 2], [60153.4, 1], [60154, 1], [60155.4, 50], [60155.8, 35], [60156.1, 55], [60157.7, 6], [60158.3, 7], [60158.4, 1], [60159.5, 52], [60161, 2], [60161.1, 326], [60162, 50], [60163.3, 2], [60163.4, 1], [60163.5, 1], [60163.6, 7], [60164, 1], [60165, 15], [60165.1, 1000], [60168.4, 1], [60168.7, 6], [60169.4, 1]], 'bids': [[60079.7, 6289], [60078.9, 1], [60078.8, 3], [60078.4, 1], [60076.9, 33], [60076.8, 32], [60075.6, 24], [60073.9, 80], [60071.7, 10], [60071.5, 10], [60070.4, 40], [60069.5, 50], [60069.4, 147], [60068.9, 1], [60068.5, 418], [60068.1, 20], [60068, 114], [60067.5, 58], [60065.9, 2], [60065.3, 99], [60065, 86], [60064.8, 8], [60064.6, 55], [60064.3, 88], [60063, 87], [60062.5, 161], [60062, 144], [60061.3, 1], [60061.2, 34], [60059.6, 83], [60058.9, 1], [60058.2, 1], [60058.1, 13], [60057.8, 20], [60057.4, 1], [60057.2, 264], [60056.7, 195], [60056.6, 200], [60056.3, 1476], [60054.8, 61], [60054.7, 8], [60054.5, 400], [60052.8, 150], [60052.7, 100], [60051.1, 350], [60050.5, 20], [60050.1, 43], [60049.2, 30], [60048.9, 1], [60048.6, 256], [60048.5, 34], [60047.8, 93], [60047.4, 1], [60046.6, 58], [60046.3, 35], [60046.2, 10], [60045.4, 52], [60043.8, 55], [60043.5, 88], [60043.2, 1000], [60043.1, 6], [60038.9, 1], [60038.7, 53], [60038.6, 800], [60037.9, 800], [60037.4, 1], [60036.9, 30], [60035.3, 1000], [60034.4, 200], [60034, 96], [60032.9, 130], [60030, 1], [60029.5, 6], [60029.3, 43], [60028.9, 1], [60028.4, 130], [60028.3, 2], [60027.4, 1], [60024.6, 52], [60022.8, 200], [60022.7, 30], [60022, 58], [60020, 1], [60019.8, 35], [60019.2, 55], [60018.9, 69], [60017.4, 1], [60017.2, 1], [60014.2, 48], [60013.5, 1], [60012.1, 584], [60011.1, 50], [60010, 1], [60009.4, 61], [60008.9, 1], [60007.4, 1], [60006.3, 6], [60005.2, 2], [60004.7, 43], [60003.7, 35], [60000.8, 5], [60000, 54], [59998.5, 6], [59997.4, 1], [59995.4, 16], [59993.7, 3], [59990, 1], [59989, 54], [59987.5, 2], [59987.4, 492], [59987.3, 600], [59987, 530], [59985.1, 400], [59983.1, 6], [59982, 2], [59980.2, 2], [59980, 1], [59977.4, 1], [59976.7, 6], [59975.2, 6], [59970.6, 3], [59970.2, 57], [59970.1, 184], [59970, 1], [59969, 28], [59967.9, 127], [59967.8, 127], [59966.5, 6], [59966.3, 1], [59965.2, 5094], [59965.1, 1254], [59964.6, 128], [59964, 254], [59963.5, 1], [59962.2, 144], [59960.8, 508], [59960.7, 381], [59960.4, 3], [59960, 6], [59959.9, 6], [59958.8, 2], [59958.3, 3], [59957.5, 127], [59956.9, 2], [59955.3, 127], [59954.8, 254], [59953.9, 127], [59952.7, 6], [59951.9, 6], [59951, 1]], 'ch': 'market.BTC-USDT.depth.size_150.high_freq', 'event': 'update', 'id': 27690811394, 'mrid': 27690811394, 'ts': 1618243200317, 'version': 535532067}, 'trade_data': [], 'index_price': 60011.62666666666, 'contract_price': 60079.8, 'XAUUSD': [1618214399778, 1732.19], 'NASDAQ': [1618214399750, 13792.8], 'CHINA50': [1618214399111, 16846.7], 'DOW': [1618214399453, 33761.5]} ,
{'ch': 'market.BTC-USDT.depth.step0', 'ts': 1618243200347, 'depth': {'asks': [[60079.8, 15211], [60082.3, 33], [60083.9, 92], [60084.5, 33], [60087.2, 10], [60087.4, 30], [60088.2, 485], [60088.5, 925], [60090.4, 50], [60090.9, 50], [60091.5, 116], [60094.2, 98], [60095.2, 88], [60098.9, 135], [60099, 87], [60099.3, 441], [60099.9, 1154], [60100, 3800], [60101.2, 10], [60102, 1], [60102.2, 501], [60102.3, 1], [60102.8, 35], [60104, 1], [60104.5, 1], [60104.7, 62], [60105.1, 66], [60105.9, 10], [60106.4, 1764], [60107.3, 53], [60107.4, 2], [60107.8, 167], [60108.1, 9], [60108.4, 1], [60108.5, 434], [60109.1, 10], [60109.9, 6], [60110.3, 30], [60110.4, 301], [60110.7, 2], [60110.9, 237], [60111.1, 2], [60111.2, 1], [60112.3, 1], [60112.9, 2], [60113, 3], [60113.2, 35], [60113.4, 108], [60113.5, 1], [60113.9, 1198], [60114, 1002], [60114.1, 14], [60114.2, 2], [60114.8, 34], [60116, 58], [60117.2, 216], [60118.4, 13], [60118.5, 1], [60120, 222], [60120.7, 6], [60121.1, 1], [60121.2, 250], [60121.6, 40], [60121.8, 12], [60121.9, 144], [60122.6, 30], [60122.8, 200], [60122.9, 160], [60123.1, 100], [60123.4, 120], [60124, 68], [60124.5, 1], [60124.8, 534], [60124.9, 100], [60125, 40], [60125.5, 424], [60126, 9], [60127.1, 100], [60127.7, 2], [60128.1, 100], [60128.4, 131], [60129.3, 150], [60129.4, 200], [60131, 150], [60131.4, 1], [60131.9, 3], [60132.2, 900], [60132.4, 59], [60132.6, 100], [60132.9, 255], [60133.6, 112], [60133.8, 6], [60134, 1], [60134.1, 9], [60134.5, 10], [60134.6, 25], [60134.9, 52], [60135.3, 1057], [60135.5, 8], [60136.8, 831], [60138, 2], [60138.2, 55], [60138.3, 2], [60138.4, 1], [60138.7, 29], [60138.9, 800], [60139.7, 35], [60139.9, 2], [60140, 30], [60140.6, 58], [60140.7, 16], [60141.9, 1], [60142, 1], [60142.9, 200], [60143.1, 3], [60143.2, 1002], [60143.5, 1], [60144, 1], [60144.7, 6], [60145.5, 6], [60146.3, 100], [60148.4, 1], [60150, 971], [60150.1, 61], [60151.5, 42], [60151.6, 5], [60152.9, 32], [60153.1, 2], [60153.4, 1], [60154, 1], [60155.4, 50], [60155.8, 35], [60156.1, 55], [60157.7, 6], [60158.3, 7], [60158.4, 1], [60159.5, 52], [60161, 2], [60161.1, 326], [60162, 50], [60163.3, 2], [60163.4, 1], [60163.5, 1], [60163.6, 7], [60164, 1], [60165, 15], [60165.1, 1000], [60168.4, 1], [60168.7, 6], [60169.4, 1]], 'bids': [[60079.7, 5886], [60078.9, 1], [60078.8, 3], [60078.4, 1], [60076.9, 33], [60076.8, 32], [60075.6, 24], [60073.9, 80], [60071.7, 10], [60071.5, 10], [60070.4, 40], [60069.5, 50], [60069.4, 147], [60068.9, 1], [60068.5, 418], [60068.1, 20], [60068, 114], [60067.5, 58], [60065.9, 2], [60065.3, 99], [60065, 86], [60064.8, 8], [60064.6, 55], [60064.3, 88], [60063, 87], [60062.5, 174], [60062, 144], [60061.3, 1], [60061.2, 34], [60059.6, 83], [60058.9, 1], [60058.2, 1], [60058.1, 13], [60057.8, 20], [60057.4, 1], [60057.2, 264], [60056.7, 195], [60056.6, 200], [60054.8, 61], [60054.7, 8], [60054.5, 400], [60052.8, 150], [60052.7, 100], [60051.1, 350], [60050.5, 20], [60050.1, 43], [60049.2, 30], [60048.9, 1], [60048.6, 256], [60048.5, 34], [60047.8, 93], [60047.4, 1], [60046.6, 58], [60046.3, 35], [60046.2, 10], [60045.4, 52], [60043.8, 55], [60043.5, 88], [60043.2, 1000], [60043.1, 6], [60038.9, 1], [60038.7, 53], [60038.6, 800], [60037.9, 800], [60037.4, 1], [60036.9, 30], [60035.3, 1000], [60034.4, 200], [60034, 96], [60032.9, 130], [60030, 1], [60029.5, 6], [60029.3, 43], [60028.9, 1], [60028.4, 130], [60028.3, 2], [60027.4, 1], [60024.6, 52], [60022.8, 200], [60022.7, 30], [60022, 58], [60020, 1], [60019.8, 35], [60019.2, 55], [60018.9, 69], [60017.4, 1], [60017.2, 1], [60014.2, 48], [60013.5, 1], [60012.1, 584], [60011.1, 50], [60010, 1], [60009.4, 61], [60008.9, 1], [60007.4, 1], [60006.3, 6], [60005.2, 2], [60004.7, 43], [60003.7, 35], [60000.8, 5], [60000, 54], [59998.5, 6], [59997.4, 1], [59995.4, 16], [59993.7, 3], [59990, 1], [59989, 54], [59987.5, 2], [59987.4, 492], [59987.3, 600], [59987, 530], [59985.1, 400], [59983.1, 6], [59982, 2], [59980.2, 2], [59980, 1], [59977.4, 1], [59976.7, 6], [59975.2, 6], [59970.6, 3], [59970.2, 57], [59970.1, 184], [59970, 1], [59969, 28], [59967.9, 127], [59967.8, 127], [59966.5, 6], [59966.3, 1], [59965.2, 5094], [59965.1, 1254], [59964.6, 128], [59964, 254], [59963.5, 1], [59962.2, 144], [59960.8, 508], [59960.7, 381], [59960.4, 3], [59960, 6], [59959.9, 6], [59958.8, 2], [59958.3, 3], [59957.5, 127], [59956.9, 2], [59955.3, 127], [59954.8, 254], [59953.9, 127], [59952.7, 6], [59951.9, 6], [59951, 1], [59950.4, 100]], 'ch': 'market.BTC-USDT.depth.size_150.high_freq', 'event': 'update', 'id': 27690811408, 'mrid': 27690811408, 'ts': 1618243200347, 'version': 535532068}, 'trade_data': [], 'index_price': 60011.62666666666, 'contract_price': 60079.8, 'XAUUSD': [1618214399778, 1732.19], 'NASDAQ': [1618214399750, 13792.8], 'CHINA50': [1618214399111, 16846.7], 'DOW': [1618214399453, 33761.5]} ,
{'ch': 'market.BTC-USDT.depth.step0', 'ts': 1618243200377, 'depth': {'asks': [[60079.8, 10811], [60082.3, 33], [60083.8, 1823], [60083.9, 92], [60084.5, 33], [60087.2, 10], [60087.4, 30], [60088.2, 485], [60088.5, 925], [60090.4, 50], [60090.9, 50], [60091.5, 116], [60094.2, 98], [60095.2, 88], [60098.9, 135], [60099, 87], [60099.3, 441], [60099.9, 1154], [60100, 3800], [60101.2, 10], [60102, 1], [60102.1, 1476], [60102.2, 501], [60102.3, 1], [60102.8, 35], [60104, 1], [60104.5, 1], [60104.7, 62], [60105.1, 66], [60105.9, 10], [60106.4, 288], [60107.3, 53], [60107.4, 2], [60107.8, 167], [60108.1, 9], [60108.4, 1], [60108.5, 434], [60109.1, 10], [60109.9, 6], [60110.3, 30], [60110.4, 301], [60110.7, 2], [60110.9, 237], [60111.1, 2], [60111.2, 1], [60112.3, 1], [60112.9, 2], [60113, 3], [60113.2, 35], [60113.4, 108], [60113.5, 1], [60113.9, 1198], [60114, 1002], [60114.1, 14], [60114.2, 2], [60114.8, 34], [60116, 58], [60117.2, 216], [60118.4, 13], [60118.5, 1], [60120, 222], [60120.7, 6], [60121.1, 1], [60121.2, 250], [60121.6, 40], [60121.8, 12], [60121.9, 144], [60122.6, 30], [60122.8, 200], [60122.9, 160], [60123.1, 100], [60123.4, 120], [60124, 68], [60124.5, 1], [60124.8, 534], [60124.9, 100], [60125, 40], [60125.5, 424], [60126, 9], [60127.1, 100], [60127.7, 2], [60128.1, 100], [60128.4, 131], [60129.3, 150], [60129.4, 200], [60131, 150], [60131.4, 1], [60131.9, 3], [60132.2, 900], [60132.4, 59], [60132.6, 100], [60132.9, 255], [60133.6, 112], [60133.8, 6], [60134, 1], [60134.1, 9], [60134.5, 10], [60134.6, 25], [60134.9, 52], [60135.3, 1057], [60135.5, 8], [60136.8, 831], [60138, 2], [60138.2, 55], [60138.3, 2], [60138.4, 1], [60138.7, 29], [60138.9, 800], [60139.7, 35], [60139.9, 2], [60140, 30], [60140.6, 58], [60140.7, 16], [60141.9, 1], [60142, 1], [60142.9, 200], [60143.1, 3], [60143.2, 1002], [60143.5, 1], [60144, 1], [60144.7, 6], [60145.5, 6], [60146.3, 100], [60148.4, 1], [60150, 971], [60150.1, 61], [60151.5, 42], [60151.6, 5], [60152.9, 32], [60153.1, 2], [60153.4, 1], [60154, 1], [60155.4, 50], [60155.8, 35], [60156.1, 55], [60157.7, 6], [60158.3, 7], [60158.4, 1], [60159.5, 52], [60161, 2], [60161.1, 326], [60162, 50], [60163.3, 2], [60163.4, 1], [60163.5, 1], [60163.6, 7], [60164, 1], [60165, 15], [60165.1, 1000], [60168.4, 1]], 'bids': [[60079.7, 5886], [60078.9, 1], [60078.8, 3], [60078.4, 1], [60076.9, 33], [60076.8, 32], [60075.6, 24], [60073.9, 80], [60071.7, 10], [60071.5, 10], [60070.4, 40], [60069.5, 50], [60069.4, 147], [60068.9, 1], [60068.5, 418], [60068.1, 20], [60068, 114], [60067.5, 58], [60065.9, 2], [60065.3, 99], [60065, 86], [60064.8, 8], [60064.6, 55], [60064.3, 88], [60063, 87], [60062.5, 174], [60062, 144], [60061.3, 1], [60061.2, 34], [60059.6, 83], [60058.9, 1], [60058.2, 1], [60058.1, 13], [60057.8, 20], [60057.4, 1], [60057.2, 264], [60056.7, 195], [60056.6, 200], [60054.8, 61], [60054.7, 8], [60054.5, 400], [60052.8, 150], [60052.7, 100], [60051.1, 350], [60050.5, 20], [60050.1, 43], [60049.2, 30], [60048.9, 1], [60048.6, 256], [60048.5, 34], [60047.8, 93], [60047.4, 1], [60046.6, 58], [60046.3, 35], [60046.2, 10], [60045.4, 52], [60043.8, 55], [60043.5, 88], [60043.2, 1000], [60043.1, 6], [60038.9, 1], [60038.7, 53], [60038.6, 800], [60037.9, 800], [60037.4, 1], [60036.9, 30], [60035.3, 1000], [60034.4, 200], [60034, 96], [60032.9, 130], [60030, 1], [60029.5, 6], [60029.3, 43], [60028.9, 1], [60028.4, 130], [60028.3, 2], [60027.4, 1], [60024.6, 52], [60022.8, 200], [60022.7, 30], [60022, 58], [60020, 1], [60019.8, 35], [60019.2, 55], [60018.9, 69], [60017.4, 1], [60017.2, 1], [60014.2, 48], [60013.5, 1], [60012.1, 584], [60011.1, 50], [60010, 1], [60009.4, 61], [60008.9, 1], [60007.4, 1], [60006.3, 6], [60005.2, 2], [60004.7, 43], [60003.7, 35], [60000.8, 5], [60000, 54], [59998.5, 6], [59997.4, 1], [59995.4, 16], [59993.7, 3], [59990, 1], [59989, 54], [59987.5, 2], [59987.4, 492], [59987.3, 600], [59987, 530], [59985.1, 400], [59983.1, 6], [59982, 2], [59980.2, 2], [59980, 1], [59977.4, 1], [59976.7, 6], [59975.2, 6], [59970.6, 3], [59970.2, 57], [59970.1, 184], [59970, 1], [59969, 28], [59967.9, 127], [59967.8, 127], [59966.5, 6], [59966.3, 1], [59965.2, 5094], [59965.1, 1254], [59964.6, 128], [59964, 254], [59963.5, 1], [59962.2, 144], [59960.8, 508], [59960.7, 381], [59960.4, 3], [59960, 6], [59959.9, 6], [59958.8, 2], [59958.3, 3], [59957.5, 127], [59956.9, 2], [59955.3, 127], [59954.8, 254], [59953.9, 127], [59952.7, 6], [59951.9, 6], [59951, 1], [59950.4, 100]], 'ch': 'market.BTC-USDT.depth.size_150.high_freq', 'event': 'update', 'id': 27690811413, 'mrid': 27690811413, 'ts': 1618243200376, 'version': 535532069}, 'trade_data': [], 'index_price': 60011.62666666666, 'contract_price': 60079.8, 'XAUUSD': [1618214399778, 1732.19], 'NASDAQ': [1618214399750, 13792.8], 'CHINA50': [1618214399111, 16846.7], 'DOW': [1618214399453, 33761.5]} ,
{'ch': 'market.BTC-USDT.depth.step0', 'ts': 1618243200407, 'depth': {'asks': [[60079.8, 10811], [60082.3, 33], [60083.8, 1823], [60083.9, 92], [60084.5, 33], [60087.2, 10], [60087.4, 30], [60088.2, 485], [60088.5, 925], [60090.4, 50], [60090.9, 50], [60091.5, 116], [60094.2, 98], [60095.2, 88], [60098.9, 135], [60099, 87], [60099.3, 441], [60099.9, 1154], [60100, 3800], [60101.2, 10], [60102, 1], [60102.1, 1476], [60102.2, 501], [60102.3, 1], [60102.8, 35], [60104, 1], [60104.5, 1], [60104.7, 62], [60105.1, 66], [60105.9, 10], [60106.4, 288], [60107.3, 53], [60107.4, 2], [60107.8, 167], [60108.1, 9], [60108.4, 1], [60108.5, 434], [60109.1, 10], [60109.9, 6], [60110.3, 30], [60110.4, 301], [60110.7, 2], [60110.9, 237], [60111.1, 2], [60111.2, 1], [60112.3, 1], [60112.9, 2], [60113, 3], [60113.2, 35], [60113.4, 108], [60113.5, 1], [60113.9, 1198], [60114, 1002], [60114.1, 14], [60114.2, 2], [60114.8, 34], [60116, 58], [60117.2, 216], [60118.4, 13], [60118.5, 1], [60120, 222], [60120.7, 6], [60121.1, 1], [60121.2, 250], [60121.6, 40], [60121.8, 12], [60121.9, 144], [60122.6, 30], [60122.8, 200], [60122.9, 160], [60123.1, 100], [60123.4, 120], [60124, 68], [60124.5, 1], [60124.8, 534], [60124.9, 100], [60125, 40], [60125.5, 424], [60126, 9], [60127.1, 100], [60127.7, 2], [60128.1, 100], [60128.4, 131], [60129.3, 150], [60129.4, 200], [60131, 150], [60131.4, 1], [60131.9, 3], [60132.2, 900], [60132.4, 59], [60132.6, 100], [60132.9, 255], [60133.6, 112], [60133.8, 6], [60134, 1], [60134.1, 9], [60134.5, 10], [60134.6, 25], [60134.9, 52], [60135.3, 1057], [60135.5, 8], [60136.8, 831], [60138, 2], [60138.2, 55], [60138.3, 2], [60138.4, 1], [60138.7, 29], [60138.9, 800], [60139.7, 35], [60139.9, 2], [60140, 30], [60140.6, 58], [60140.7, 16], [60141.9, 1], [60142, 1], [60142.9, 200], [60143.1, 3], [60143.2, 1002], [60143.5, 1], [60144, 1], [60144.7, 6], [60145.5, 6], [60146.3, 100], [60148.4, 1], [60150, 971], [60150.1, 61], [60151.5, 42], [60151.6, 5], [60152.9, 32], [60153.1, 2], [60153.4, 1], [60154, 1], [60155.4, 50], [60155.8, 35], [60156.1, 55], [60157.7, 6], [60158.3, 7], [60158.4, 1], [60159.5, 52], [60161, 2], [60161.1, 326], [60162, 50], [60163.3, 2], [60163.4, 1], [60163.5, 1], [60163.6, 7], [60164, 1], [60165, 15], [60165.1, 1000], [60168.4, 1]], 'bids': [[60079.7, 5886], [60078.9, 1], [60078.4, 1], [60076.8, 65], [60075.6, 24], [60073.9, 80], [60071.7, 10], [60071.5, 10], [60070.4, 40], [60069.5, 50], [60069.4, 147], [60068.9, 1], [60068.5, 418], [60068.1, 20], [60068, 114], [60067.5, 58], [60065.9, 2], [60065.3, 99], [60065, 86], [60064.8, 8], [60064.6, 55], [60064.3, 88], [60063, 87], [60062.5, 174], [60062, 144], [60061.3, 1], [60061.2, 34], [60059.6, 83], [60058.9, 1], [60058.2, 1], [60058.1, 13], [60057.8, 20], [60057.4, 1], [60057.2, 264], [60056.7, 195], [60056.6, 200], [60054.8, 61], [60054.7, 8], [60054.5, 400], [60052.8, 150], [60052.7, 100], [60051.1, 350], [60050.5, 20], [60050.2, 1475], [60050.1, 43], [60049.2, 30], [60048.9, 1], [60048.6, 256], [60048.5, 34], [60047.8, 93], [60047.4, 1], [60046.6, 58], [60046.3, 35], [60046.2, 10], [60045.4, 52], [60043.8, 55], [60043.5, 88], [60043.2, 1000], [60043.1, 6], [60038.9, 1], [60038.7, 53], [60038.6, 800], [60037.9, 800], [60037.4, 1], [60036.9, 30], [60035.3, 1000], [60034.4, 200], [60034, 96], [60032.9, 130], [60030, 1], [60029.5, 6], [60029.3, 43], [60028.9, 1], [60028.4, 130], [60028.3, 2], [60027.4, 1], [60024.6, 52], [60022.8, 200], [60022.7, 30], [60022, 58], [60020, 1], [60019.8, 35], [60019.2, 55], [60018.9, 69], [60017.4, 1], [60017.2, 1], [60014.2, 48], [60013.5, 1], [60012.1, 584], [60011.1, 50], [60010, 1], [60009.4, 61], [60008.9, 1], [60007.4, 1], [60006.3, 6], [60005.2, 2], [60004.7, 43], [60003.7, 35], [60000.8, 5], [60000, 54], [59998.5, 6], [59997.4, 1], [59995.4, 16], [59993.7, 3], [59990, 1], [59989, 54], [59987.5, 2], [59987.4, 492], [59987.3, 600], [59987, 530], [59985.1, 400], [59983.1, 6], [59982, 2], [59980.2, 2], [59980, 1], [59977.4, 1], [59976.7, 6], [59975.2, 6], [59970.6, 3], [59970.2, 57], [59970.1, 184], [59970, 1], [59969, 28], [59967.9, 127], [59967.8, 127], [59966.5, 6], [59966.3, 1], [59965.2, 5094], [59965.1, 1254], [59964.6, 128], [59964, 254], [59963.5, 1], [59962.2, 144], [59960.8, 508], [59960.7, 381], [59960.4, 3], [59960, 6], [59959.9, 6], [59958.8, 2], [59958.3, 3], [59957.5, 127], [59956.9, 2], [59955.3, 127], [59954.8, 254], [59953.9, 127], [59952.7, 6], [59951.9, 6], [59951, 1], [59950.4, 100], [59950, 6]], 'ch': 'market.BTC-USDT.depth.size_150.high_freq', 'event': 'update', 'id': 27690811427, 'mrid': 27690811427, 'ts': 1618243200407, 'version': 535532070}, 'trade_data': [], 'index_price': 60011.62666666666, 'contract_price': 60079.8, 'XAUUSD': [1618214399778, 1732.19], 'NASDAQ': [1618214399750, 13792.8], 'CHINA50': [1618214399111, 16846.7], 'DOW': [1618214399453, 33761.5]} ,
{'ch': 'market.BTC-USDT.depth.step0', 'ts': 1618243200436, 'depth': {'asks': [[60079.8, 10811], [60082.3, 33], [60083.8, 1823], [60083.9, 92], [60084.5, 33], [60087.2, 10], [60087.4, 30], [60088.2, 485], [60088.5, 925], [60090.4, 50], [60090.9, 50], [60091.5, 116], [60094.2, 98], [60095.2, 88], [60098.9, 135], [60099, 87], [60099.3, 441], [60099.9, 153], [60100, 3800], [60101.2, 10], [60102, 1], [60102.1, 1476], [60102.2, 501], [60102.3, 1], [60102.8, 35], [60104, 1], [60104.5, 1], [60104.7, 62], [60105.1, 66], [60105.9, 10], [60106.4, 288], [60107.3, 53], [60107.4, 2], [60107.8, 167], [60108.1, 9], [60108.4, 1], [60108.5, 434], [60109.1, 10], [60109.9, 6], [60110.3, 30], [60110.4, 301], [60110.7, 2], [60110.9, 237], [60111.1, 2], [60111.2, 1], [60112.3, 1], [60112.9, 2], [60113, 3], [60113.2, 35], [60113.4, 108], [60113.5, 1], [60113.9, 1198], [60114, 1002], [60114.1, 14], [60114.2, 2], [60114.8, 34], [60116, 58], [60117.2, 216], [60118.4, 13], [60118.5, 1], [60120, 222], [60120.7, 6], [60121.1, 1], [60121.2, 250], [60121.6, 40], [60121.8, 12], [60121.9, 144], [60122.6, 30], [60122.8, 200], [60122.9, 160], [60123.1, 100], [60123.4, 120], [60124, 68], [60124.5, 1], [60124.8, 534], [60124.9, 100], [60125, 40], [60125.5, 424], [60126, 9], [60127.1, 100], [60127.7, 2], [60128.1, 100], [60128.4, 131], [60129.3, 150], [60129.4, 200], [60131, 150], [60131.4, 1], [60131.9, 3], [60132.2, 900], [60132.4, 59], [60132.6, 100], [60132.9, 255], [60133.6, 112], [60133.8, 6], [60134, 1], [60134.1, 9], [60134.5, 10], [60134.6, 25], [60134.9, 52], [60135.3, 1057], [60135.5, 8], [60136.8, 831], [60138, 2], [60138.2, 55], [60138.3, 2], [60138.4, 1], [60138.7, 29], [60138.9, 800], [60139.7, 35], [60139.9, 2], [60140, 30], [60140.6, 58], [60140.7, 16], [60141.9, 1], [60142, 1], [60142.9, 200], [60143.1, 3], [60143.2, 1002], [60143.5, 1], [60144, 1], [60144.7, 6], [60145.5, 6], [60146.3, 100], [60148.4, 1], [60150, 971], [60150.1, 61], [60151.5, 42], [60151.6, 5], [60152.9, 32], [60153.1, 2], [60153.4, 1], [60154, 1], [60155.4, 50], [60155.8, 35], [60156.1, 55], [60157.7, 6], [60158.3, 7], [60158.4, 1], [60159.5, 52], [60161, 2], [60161.1, 326], [60162, 50], [60163.3, 2], [60163.4, 1], [60163.5, 1], [60163.6, 7], [60164, 1], [60165, 15], [60165.1, 1000], [60168.4, 1]], 'bids': [[60079.7, 5886], [60078.9, 1], [60078.4, 1], [60076.8, 65], [60075.6, 24], [60073.9, 80], [60071.7, 10], [60071.5, 10], [60070.4, 40], [60069.5, 50], [60069.4, 147], [60068.9, 1], [60068.5, 418], [60068.1, 20], [60068, 114], [60067.5, 58], [60065.9, 2], [60065.3, 99], [60065, 86], [60064.8, 8], [60064.6, 55], [60064.3, 88], [60063, 87], [60062.5, 174], [60062, 144], [60061.3, 1], [60061.2, 34], [60059.6, 83], [60058.9, 1], [60058.2, 1], [60058.1, 13], [60057.8, 20], [60057.4, 1], [60057.2, 264], [60056.7, 195], [60056.6, 200], [60054.8, 61], [60054.7, 8], [60054.5, 400], [60052.8, 150], [60052.7, 100], [60051.1, 350], [60050.5, 20], [60050.2, 1475], [60050.1, 43], [60049.2, 30], [60048.9, 1], [60048.6, 256], [60048.5, 34], [60047.8, 93], [60047.4, 1], [60046.6, 58], [60046.3, 35], [60046.2, 10], [60045.4, 52], [60043.8, 55], [60043.5, 88], [60043.2, 1000], [60043.1, 6], [60038.9, 1], [60038.7, 53], [60038.6, 800], [60037.9, 800], [60037.4, 1], [60036.9, 30], [60035.3, 1000], [60034.4, 200], [60034, 96], [60032.9, 130], [60030, 1], [60029.5, 6], [60029.3, 43], [60028.9, 1], [60028.4, 130], [60028.3, 2], [60027.4, 1], [60024.6, 52], [60022.8, 200], [60022.7, 30], [60022, 58], [60020, 1], [60019.8, 35], [60019.2, 55], [60018.9, 69], [60017.4, 1], [60017.2, 1], [60014.2, 48], [60013.5, 1], [60012.1, 584], [60011.1, 50], [60010, 1], [60009.4, 61], [60008.9, 1], [60007.4, 1], [60006.3, 6], [60005.2, 2], [60004.7, 43], [60003.7, 35], [60000.8, 5], [60000, 54], [59998.5, 6], [59997.4, 1], [59995.4, 16], [59993.7, 3], [59990, 1], [59989, 54], [59987.5, 2], [59987.4, 492], [59987.3, 600], [59987, 530], [59985.1, 400], [59983.1, 6], [59982, 2], [59980.2, 2], [59980, 1], [59977.4, 1], [59976.7, 6], [59975.2, 6], [59970.6, 3], [59970.2, 57], [59970.1, 184], [59970, 1], [59969, 28], [59967.9, 127], [59967.8, 127], [59966.5, 6], [59966.3, 1], [59965.2, 5094], [59965.1, 1254], [59964.6, 128], [59964, 254], [59963.5, 1], [59962.2, 144], [59960.8, 508], [59960.7, 381], [59960.4, 3], [59960, 6], [59959.9, 6], [59958.8, 2], [59958.3, 3], [59957.5, 127], [59956.9, 2], [59955.3, 127], [59954.8, 254], [59953.9, 127], [59952.7, 6], [59951.9, 6], [59951, 1], [59950.4, 100], [59950, 6]], 'ch': 'market.BTC-USDT.depth.size_150.high_freq', 'event': 'update', 'id': 27690811438, 'mrid': 27690811438, 'ts': 1618243200436, 'version': 535532071}, 'trade_data': [], 'index_price': 60011.62666666666, 'contract_price': 60079.8, 'XAUUSD': [1618214400294, 1732.28], 'NASDAQ': [1618214399750, 13792.8], 'CHINA50': [1618214399111, 16846.7], 'DOW': [1618214399453, 33761.5]} ,
{'ch': 'market.BTC-USDT.depth.step0', 'ts': 1618243200467, 'depth': {'asks': [[60079.8, 10851], [60082.3, 33], [60083.8, 1823], [60083.9, 92], [60084.5, 33], [60087.2, 10], [60087.4, 30], [60088.2, 485], [60088.5, 925], [60090.4, 50], [60090.9, 50], [60091.5, 116], [60094.2, 98], [60095.2, 88], [60098.9, 135], [60099, 87], [60099.3, 441], [60099.9, 153], [60100, 3800], [60101.2, 10], [60101.6, 1475], [60102, 1], [60102.2, 501], [60102.3, 1], [60102.8, 35], [60104, 1], [60104.5, 1], [60104.7, 62], [60105.1, 66], [60105.9, 10], [60106.4, 288], [60107.3, 53], [60107.4, 2], [60107.8, 167], [60108.1, 9], [60108.4, 1], [60108.5, 434], [60109.1, 10], [60109.9, 6], [60110.3, 30], [60110.4, 301], [60110.7, 2], [60110.9, 237], [60111.1, 2], [60111.2, 1], [60112.3, 1], [60112.9, 2], [60113, 3], [60113.2, 35], [60113.4, 108], [60113.5, 1], [60113.9, 1198], [60114, 1002], [60114.1, 14], [60114.2, 2], [60114.8, 34], [60116, 58], [60117.2, 216], [60118.4, 13], [60118.5, 1], [60120, 222], [60120.7, 6], [60121.1, 1], [60121.2, 250], [60121.6, 40], [60121.8, 12], [60121.9, 144], [60122.6, 30], [60122.8, 200], [60122.9, 160], [60123.1, 100], [60123.4, 120], [60124, 68], [60124.5, 1], [60124.8, 534], [60124.9, 100], [60125, 40], [60125.5, 424], [60126, 9], [60127.1, 100], [60127.7, 2], [60128.1, 100], [60128.4, 131], [60129.3, 150], [60129.4, 200], [60131, 150], [60131.4, 1], [60131.9, 3], [60132.2, 900], [60132.4, 59], [60132.6, 100], [60132.9, 255], [60133.6, 112], [60133.8, 6], [60134, 1], [60134.1, 9], [60134.5, 10], [60134.6, 25], [60134.9, 52], [60135.3, 1057], [60135.5, 8], [60136.8, 831], [60138, 2], [60138.2, 55], [60138.3, 2], [60138.4, 1], [60138.7, 29], [60138.9, 800], [60139.7, 35], [60139.9, 2], [60140, 30], [60140.6, 58], [60140.7, 16], [60141.9, 1], [60142, 1], [60142.9, 200], [60143.1, 3], [60143.2, 1002], [60143.5, 1], [60144, 1], [60144.7, 6], [60145.5, 6], [60146.3, 100], [60148.4, 1], [60150, 971], [60150.1, 61], [60151.5, 42], [60151.6, 5], [60152.9, 32], [60153.1, 2], [60153.4, 1], [60154, 1], [60155.4, 50], [60155.8, 35], [60156.1, 55], [60157.7, 6], [60158.3, 7], [60158.4, 1], [60159.5, 52], [60161, 2], [60161.1, 326], [60162, 50], [60163.3, 2], [60163.4, 1], [60163.5, 1], [60163.6, 7], [60164, 1], [60165, 15], [60165.1, 1000], [60168.4, 1]], 'bids': [[60079.7, 5886], [60078.9, 1], [60078.4, 1], [60076.8, 65], [60075.6, 24], [60073.9, 80], [60071.7, 10], [60071.5, 10], [60070.4, 40], [60069.5, 50], [60069.4, 147], [60068.9, 1], [60068.5, 418], [60068.1, 20], [60068, 114], [60067.5, 58], [60065.9, 2], [60065.3, 99], [60065, 86], [60064.8, 8], [60064.6, 55], [60064.3, 88], [60063, 87], [60062.5, 174], [60062, 144], [60061.3, 1], [60061.2, 34], [60059.6, 83], [60058.9, 1], [60058.2, 1], [60058.1, 13], [60057.8, 20], [60057.4, 1], [60057.2, 264], [60056.7, 195], [60056.6, 200], [60054.8, 61], [60054.7, 8], [60054.5, 400], [60052.8, 150], [60052.7, 100], [60052.2, 1475], [60051.1, 350], [60050.5, 20], [60050.1, 43], [60049.2, 30], [60048.9, 1], [60048.6, 256], [60048.5, 34], [60047.8, 93], [60047.4, 1], [60046.6, 58], [60046.3, 35], [60046.2, 10], [60045.4, 52], [60043.8, 55], [60043.5, 88], [60043.2, 1000], [60043.1, 6], [60038.9, 1], [60038.7, 53], [60038.6, 800], [60037.9, 800], [60037.4, 1], [60036.9, 30], [60035.3, 1000], [60034.4, 200], [60034, 96], [60032.9, 130], [60030, 1], [60029.5, 6], [60029.3, 43], [60028.9, 1], [60028.4, 130], [60028.3, 2], [60027.4, 1], [60024.6, 52], [60022.8, 200], [60022.7, 30], [60022, 58], [60020, 1], [60019.8, 35], [60019.2, 55], [60018.9, 69], [60017.4, 1], [60017.2, 1], [60014.2, 48], [60013.5, 1], [60012.1, 584], [60011.1, 50], [60010, 1], [60009.4, 61], [60008.9, 1], [60007.4, 1], [60006.3, 6], [60005.2, 2], [60004.7, 43], [60003.7, 35], [60000.8, 5], [60000, 54], [59998.5, 6], [59997.4, 1], [59995.4, 16], [59993.7, 3], [59990, 1], [59989, 54], [59987.5, 2], [59987.4, 492], [59987.3, 600], [59987, 530], [59985.1, 400], [59983.1, 6], [59982, 2], [59980.2, 2], [59980, 1], [59977.4, 1], [59976.7, 6], [59975.2, 6], [59970.6, 3], [59970.2, 57], [59970.1, 184], [59970, 1], [59969, 28], [59967.9, 127], [59967.8, 127], [59966.5, 6], [59966.3, 1], [59965.2, 5094], [59965.1, 1254], [59964.6, 128], [59964, 254], [59963.5, 1], [59962.2, 144], [59960.8, 508], [59960.7, 381], [59960.4, 3], [59960, 6], [59959.9, 6], [59958.8, 2], [59958.3, 3], [59957.5, 127], [59956.9, 2], [59955.3, 127], [59954.8, 254], [59953.9, 127], [59952.7, 6], [59951.9, 6], [59951, 1], [59950.4, 100], [59950, 6]], 'ch': 'market.BTC-USDT.depth.size_150.high_freq', 'event': 'update', 'id': 27690811459, 'mrid': 27690811459, 'ts': 1618243200466, 'version': 535532072}, 'trade_data': [], 'index_price': 60011.62666666666, 'contract_price': 60079.8, 'XAUUSD': [1618214400294, 1732.28], 'NASDAQ': [1618214399750, 13792.8], 'CHINA50': [1618214399111, 16846.7], 'DOW': [1618214399453, 33761.5]} ,
{'ch': 'market.BTC-USDT.depth.step0', 'ts': 1618243200497, 'depth': {'asks': [[60079.8, 10851], [60082.3, 33], [60083.8, 1823], [60083.9, 92], [60084.5, 33], [60087.2, 10], [60087.4, 30], [60088.2, 485], [60088.5, 925], [60090.4, 50], [60090.9, 50], [60091.5, 116], [60094.2, 98], [60095.2, 88], [60098.9, 135], [60099, 87], [60099.3, 441], [60099.9, 153], [60100, 3800], [60101.2, 10], [60101.6, 1475], [60102, 1], [60102.2, 501], [60102.3, 1], [60102.8, 35], [60104, 1], [60104.5, 1], [60104.7, 62], [60105.1, 66], [60105.9, 10], [60106.4, 288], [60107.3, 53], [60107.4, 2], [60107.8, 167], [60108.1, 9], [60108.4, 1], [60108.5, 434], [60109.1, 10], [60109.9, 6], [60110.3, 30], [60110.4, 301], [60110.7, 2], [60110.9, 237], [60111.1, 2], [60111.2, 1], [60112.3, 1], [60112.9, 2], [60113, 3], [60113.2, 35], [60113.4, 108], [60113.5, 1], [60113.9, 1198], [60114, 1002], [60114.1, 14], [60114.2, 2], [60114.8, 34], [60116, 58], [60117.2, 216], [60118.4, 13], [60118.5, 1], [60120, 222], [60120.7, 6], [60121.1, 1], [60121.2, 250], [60121.6, 40], [60121.8, 12], [60121.9, 144], [60122.6, 30], [60122.8, 200], [60122.9, 160], [60123.1, 100], [60123.4, 120], [60124, 68], [60124.5, 1], [60124.8, 534], [60124.9, 100], [60125, 40], [60125.5, 424], [60126, 9], [60127.1, 100], [60127.7, 2], [60128.1, 100], [60128.4, 131], [60129.3, 150], [60129.4, 200], [60131, 150], [60131.4, 1], [60131.9, 3], [60132.2, 900], [60132.4, 59], [60132.6, 100], [60132.9, 255], [60133.6, 112], [60133.8, 6], [60134, 1], [60134.1, 9], [60134.5, 10], [60134.6, 25], [60134.9, 52], [60135.3, 1057], [60135.5, 8], [60136.8, 831], [60138, 2], [60138.2, 55], [60138.3, 2], [60138.4, 1], [60138.7, 29], [60138.9, 800], [60139.7, 35], [60139.9, 2], [60140, 30], [60140.6, 58], [60140.7, 16], [60141.9, 1], [60142, 1], [60142.9, 200], [60143.1, 3], [60143.2, 1002], [60143.5, 1], [60144, 1], [60144.7, 6], [60145.5, 6], [60146.3, 100], [60148.4, 1], [60150, 971], [60150.1, 61], [60151.5, 42], [60151.6, 5], [60152.9, 32], [60153.1, 2], [60153.4, 1], [60154, 1], [60155.4, 50], [60155.8, 35], [60156.1, 55], [60157.7, 6], [60158.3, 7], [60158.4, 1], [60159.5, 52], [60161, 2], [60161.1, 326], [60162, 50], [60163.3, 2], [60163.4, 1], [60163.5, 1], [60163.6, 7], [60164, 1], [60165, 15], [60165.1, 1000], [60168.4, 1]], 'bids': [[60079.7, 5886], [60078.9, 1], [60078.4, 1], [60076.8, 65], [60075.6, 24], [60073.9, 80], [60071.7, 10], [60071.5, 10], [60070.4, 40], [60069.5, 50], [60069.4, 147], [60068.9, 1], [60068.5, 418], [60068.1, 20], [60068, 114], [60067.5, 58], [60065.9, 2], [60065.3, 99], [60065, 86], [60064.8, 8], [60064.6, 55], [60064.3, 88], [60063, 87], [60062.5, 174], [60062, 144], [60061.3, 1], [60061.2, 34], [60059.6, 83], [60058.9, 1], [60058.2, 1], [60058.1, 13], [60057.8, 20], [60057.4, 1], [60057.2, 264], [60056.7, 195], [60056.6, 200], [60054.8, 61], [60054.7, 8], [60054.5, 400], [60052.8, 150], [60052.7, 100], [60052.2, 1475], [60051.1, 350], [60050.5, 20], [60050.1, 43], [60049.2, 30], [60048.9, 1], [60048.6, 256], [60048.5, 34], [60047.8, 93], [60047.4, 1], [60046.6, 58], [60046.3, 35], [60046.2, 10], [60045.4, 52], [60043.8, 55], [60043.5, 88], [60043.2, 1000], [60043.1, 6], [60038.9, 1], [60038.7, 53], [60038.6, 800], [60037.9, 800], [60037.4, 1], [60036.9, 30], [60035.3, 1000], [60034.4, 200], [60034, 96], [60032.9, 130], [60030, 1], [60029.5, 6], [60029.3, 43], [60028.9, 1], [60028.4, 130], [60028.3, 2], [60027.4, 1], [60024.6, 52], [60022.8, 200], [60022.7, 30], [60022, 58], [60020, 1], [60019.8, 35], [60019.2, 55], [60018.9, 69], [60017.4, 1], [60017.2, 1], [60014.2, 48], [60013.5, 1], [60012.1, 584], [60011.1, 50], [60010, 1], [60009.4, 61], [60008.9, 1], [60007.4, 1], [60006.3, 6], [60005.2, 2], [60004.7, 43], [60003.7, 35], [60000.8, 5], [60000, 54], [59998.5, 6], [59997.4, 1], [59995.4, 16], [59993.7, 3], [59990, 1], [59989, 54], [59987.5, 2], [59987.4, 492], [59987.3, 600], [59987, 530], [59985.1, 400], [59983.1, 6], [59982, 2], [59980.2, 2], [59980, 1], [59977.4, 1], [59976.7, 6], [59975.2, 6], [59970.6, 3], [59970.2, 57], [59970.1, 184], [59970, 1], [59969, 28], [59967.9, 127], [59967.8, 127], [59966.5, 6], [59966.3, 1], [59965.2, 5091], [59965.1, 1254], [59964.6, 128], [59964, 254], [59963.5, 1], [59962.2, 144], [59960.8, 508], [59960.7, 381], [59960.4, 3], [59960, 6], [59959.9, 6], [59958.8, 2], [59958.3, 3], [59957.5, 127], [59956.9, 2], [59955.3, 127], [59954.8, 254], [59953.9, 127], [59952.7, 6], [59951.9, 6], [59951, 1], [59950.4, 100], [59950, 6]], 'ch': 'market.BTC-USDT.depth.size_150.high_freq', 'event': 'update', 'id': 27690811462, 'mrid': 27690811462, 'ts': 1618243200496, 'version': 535532073}, 'trade_data': [], 'index_price': 60011.62666666666, 'contract_price': 60079.8, 'XAUUSD': [1618214400294, 1732.28], 'NASDAQ': [1618214399750, 13792.8], 'CHINA50': [1618214399111, 16846.7], 'DOW': [1618214399453, 33761.5]} ,
